,A,ReturnHeader,ReturnData,Timestamp,TaxPeriodEndDate,PreparerFirm,ReturnType,TaxPeriodBeginDate,Filer,Officer,Preparer,TaxYear,BuildTS,PreparerFirmBusinessName,PreparerFirmUSAddress,BusinessNameLine1,AddressLine1,City,State,ZIPCode,EIN,Name,NameControl,Phone,USAddress,Title,DateSigned,AuthorizeThirdParty,PTIN,IRS990,IRS990ScheduleC,IRS990ScheduleD,IRS990ScheduleF,IRS990ScheduleI,IRS990ScheduleJ,IRS990ScheduleO,IRS990ScheduleR,AddressChange,NameOfPrincipalOfficerPerson,AddressPrincipalOfficerUS,GrossReceipts,GroupReturnForAffiliates,Organization501c,WebSite,TypeOfOrganizationCorporation,YearFormation,StateLegalDomicile,ActivityOrMissionDescription,NbrVotingMembersGoverningBody,NbrIndependentVotingMembers,TotalNbrEmployees,TotalNbrVolunteers,TotalGrossUBI,NetUnrelatedBusinessTxblIncome,ContributionsGrantsPriorYear,ContributionsGrantsCurrentYear,ProgramServiceRevenuePriorYear,ProgramServiceRevenueCY,InvestmentIncomePriorYear,InvestmentIncomeCurrentYear,OtherRevenuePriorYear,OtherRevenueCurrentYear,TotalRevenuePriorYear,TotalRevenueCurrentYear,GrantsAndSimilarAmntsPriorYear,GrantsAndSimilarAmntsCY,BenefitsPaidToMembersPriorYear,BenefitsPaidToMembersCY,SalariesEtcPriorYear,SalariesEtcCurrentYear,TotalProfFundrsngExpPriorYear,TotalProfFundrsngExpCY,TotalFundrsngExpCurrentYear,OtherExpensePriorYear,OtherExpensesCurrentYear,TotalExpensesPriorYear,TotalExpensesCurrentYear,RevenuesLessExpensesPriorYear,RevenuesLessExpensesCY,TotalAssetsBOY,TotalAssetsEOY,TotalLiabilitiesBOY,TotalLiabilitiesEOY,NetAssetsOrFundBalancesBOY,NetAssetsOrFundBalancesEOY,InfoInScheduleOPartIII,MissionDescription,SignificantNewProgramServices,SignificantChange,Description,Activity2,Activity3,ActivityOther,DescribedIn501C3,ScheduleBRequired,PoliticalActivities,SubjectToProxyTax,DonorAdvisedFunds,ConservationEasements,CollectionsOfArt,CreditCounseling,TermOrPermanentEndowments,ReportLandBldgEquip,ReportInvestOthSecurities,ReportProgRelInvest,ReportOtherAssets,ReportOtherLiabilities,ReportFin48Footnote,IndependentAuditFinancialStmt,ConsolidatedAuditFinancialStmt,School,ForeignOffice,ForeignActivities,MoreThan5000KToOrganizations,MoreThan5000KToIndividuals,ProfessionalFundraising,FundraisingActivities,Gaming,Hospital,GrantsToOrganizations,GrantsToIndividuals,ScheduleJRequired,TaxExemptBonds,LoanToOfficerOrDQP,GrantToRelatedPerson,BsnssRltnshpWithOrganization,BsnssRltnshpThruFamilyMember,OfficerEntityWithBsnssRltnshp,DeductibleNonCashContributions,DeductibleContributionsOfArt,Terminated,PartialLiquidation,DisregardedEntity,RelatedEntity,RelatedOrgControlledEntity,TransactionRelatedEntity,ActivitiesConductedPartnership,ScheduleORequired,NumberFormsTransmittedWith1096,NumberW2GIncluded,ComplianceWithBackupWitholding,NumberOfEmployees,EmploymentTaxReturnsFiled,UnrelatedBusinessIncome,Form990-TFiled,ForeignFinancialAccount,NameOfForeignCountry,ProhibitedTaxShelterTrans,TaxablePartyNotification,NonDeductibleContributions,IndoorTanningServices,InfoInScheduleOPartVI,NbrVotingGoverningBodyMembers,NumberIndependentVotingMembers,FamilyOrBusinessRelationship,DelegationOfManagementDuties,ChangesToOrganizingDocs,MaterialDiversionOrMisuse,MembersOrStockholders,ElectionOfBoardMembers,DecisionsSubjectToApproval,MinutesOfGoverningBody,MinutesOfCommittees,OfficerMailingAddress,LocalChapters,Form990ProvidedToGoverningBody,ConflictOfInterestPolicy,AnnualDisclosureCoveredPersons,RegularMonitoringEnforcement,WhistleblowerPolicy,DocumentRetentionPolicy,CompensationProcessCEO,CompensationProcessOther,InvestmentInJointVenture,UponRequest,TheBooksAreInCareOf,InfoInScheduleOPartVII,Form990PartVIISectionA,TotalReportableCompFromOrg,TotalReportableCompFrmRltdOrgs,TotalOtherCompensation,NumberIndividualsGT100K,FormersListed,TotalCompGT150K,CompensationFromOtherSources,ContractorCompensation,NumberOfContractorsGT100K,MembershipDues,TotalContributions,ProgramServiceRevenue,TotalOthProgramServiceRevenue,TotalProgramServiceRevenue,InvestmentIncome,RoyaltiesRevenue,GrossRents,LessRentalExpenses,RentalIncomeOrLoss,NetRentalIncomeOrLoss,GrossAmountSalesAssets,LessCostOthBasisSalesExpenses,GainOrLoss,NetGainOrLossInvestments,GrossSalesOfInventory,CostOfGoodsSold,NetIncomeOrLoss,OtherRevenueMisc,MiscellaneousRevenue,TotalOtherRevenue,TotalRevenue,GrantsToDomesticOrgs,CompCurrentOfficersDirectors,OtherSalariesAndWages,PensionPlanContributions,OtherEmployeeBenefits,PayrollTaxes,FeesForServicesLegal,FeesForServicesAccounting,FeesForServicesInvstMgmntFees,FeesForServicesOther,Advertising,OfficeExpenses,InformationTechnology,Royalties,Occupancy,Travel,ConferencesMeetings,Interest,DepreciationDepletion,Insurance,OtherExpenses,AllOtherExpenses,TotalFunctionalExpenses,CashNonInterestBearing,SavingsAndTempCashInvestments,AccountsReceivable,InventoriesForSaleOrUse,PrepaidExpensesDeferredCharges,LandBuildingsEquipmentBasis,LandBldgEquipmentAccumDeprec,LandBuildingsEquipmentBasisNet,InvestmentsPubTradedSecurities,OtherAssetsTotal,TotalAssets,AccountsPayableAccruedExpenses,DeferredRevenue,OtherLiabilities,TotalLiabilities,FollowSFAS117,UnrestrictedNetAssets,TemporarilyRestrictedNetAssets,PermanentlyRestrictedNetAssets,TotalNetAssetsFundBalances,TotalLiabNetAssetsFundBalances,InfoInScheduleOPartXI,ReconcilationRevenueExpenses,ReconciliationUnrealizedInvest,ReconcilationOtherChanges,MethodOfAccountingAccrual,AccountantCompileOrReview,FSAudited,FSAuditedBasis,AuditCommittee,FederalGrantAuditRequired,FederalGrantAuditPerformed,NameBusiness,TelephoneNumber,AddressUS,NamePerson,AverageHoursPerWeek,IndividualTrusteeOrDirector,ReportableCompFromOrganization,ReportableCompFromRelatedOrgs,OtherCompensation,KeyEmployee,HighestCompensatedEmployee,Former,NameOfContractor,AddressOfContractor,DescriptionOfServices,Compensation,BusinessCode,TotalRevenueColumn,RelatedOrExemptFunctionIncome,UnrelatedBusinessRevenue,ExclusionAmount,Real,Securities,Other,Total,EOY,BOY,FinancialStatementConsolidated,PoliticalExpenditures,AmtExpendedFor527Activities,AmtOfInternalFundsContributed,SubstantiallyAllDuesNondeduct,OnlyInHouseLobbying,AgreeToCarryoverPriorYear,DuesAssessments,NonDedLobbyPoliticalCurrent,NonDedLobbyPoliticalTotal,AggrAmtReportedInDuesNotices,TaxableAmount,LeaseholdImprovements,Equipment,OtherLandBuildings,TotalOfBookValueLandBuildings,FederalIncomeTaxLiability,TotalOfAmounts,FootnoteInPartXIII,Form990ScheduleDPartXIII,OtherCostOrOtherBasis,Depreciation,BookValue,Amount,Identifier,ReturnReference,Explanation,AcctsActvsOutUSTable,SubtotalNumberOfOffices,SubtotalNumberOfEmployees,ContNumberOfOffices,ContNumberOfEmployees,TotalNumberOfOffices,TotalNumberOfEmployees,SubtotalAmountSpent,ContAmountSpent,TotalAmountSpent,TransferToForeignCorp,InterestInForeignTrust,OwnForeignCorp,PassiveForeignInvestCo,ForeignPartnership,BoycottCountries,Region,NumberOfOffices,TypeOfActivitiesConducted,SpecificServicesProvided,TotalExpenditures,RecordsMaintained,RecipientTable,TotalNbrOf501C3AndGovtGrants,TotalNbrOfOtherOrganizations,Form990ScheduleIPartIV,RecipientNameBusiness,EINOfRecipient,IRCSection,AmountOfCashGrant,PurposeOfGrant,AddressLine2,FirstClassOrCharterTravel,ClubDuesOrFees,WrittenPolicyReTAndEExpenses,SubstantiationRequired,CompensationCommittee,IndependentConsultant,CompensationSurvey,BoardOrCommitteeApproval,SeverancePayment,SupplementalNonqualRetirePlan,EquityBasedCompArrangement,Form990ScheduleJPartII,Form990ScheduleJPartIII,BaseCompensationFilingOrg,CompBasedOnRelatedOrgs,BonusFilingOrg,BonusRelatedOrgs,OtherCompensationFilingOrg,OtherCompensationRelatedOrgs,DeferredCompFilingOrg,DeferredCompRelatedOrgs,NontaxableBenefitsFilingOrg,NontaxableBenefitsRelatedOrgs,TotalCompensationFilingOrg,TotalCompensationRelatedOrgs,CompReportPrior990FilingOrg,CompReportPrior990RelatedOrgs,GeneralExplanation,Form990ScheduleRPartIV,ReceiptOfIntAnnRentsRoyalties,GiftGrantOrCapContrToOtherOrg,GiftGrantOrCapContrFrOtherOrg,LoansOrGuaranteesToOtherOrg,LoansOrGuaranteesFromOtherOrg,DividendsRelatedOrganization,SaleOfAssetsToOtherOrg,PurchaseOfAssetsFromOtherOrg,ExchangeOfAssets,RentalOfFacilitiesToOtherOrgs,RentalOfFacilitiesFrOtherOrgs,PerformOfServicesForOtherOrgs,PerformOfServicesByOtherOrgs,SharingOfFacilities,SharingOfPaidEmployees,ReimbursementPaidToOtherOrg,ReimbursementPaidByOtherOrg,OtherTransferToOtherOrg,OtherTransferFromOtherOrg,TransactionsRelatedOrgsTable,NameOfRelatedOrg,PrimaryActivity,LegalDomicileState,DirectControllingEntityName,TypeOfEntity,ShareOfTotalIncome,ShareOfEOYAssets,PercentageOwnership,ControlledOrg,NameOfOtherOrganization,TransactionType,AmountInvolved,MethodOfAmtDetermination,ReturnTs,TaxPeriodEndDt,PreparerFirmGrp,ReturnTypeCd,TaxPeriodBeginDt,BusinessOfficerGrp,PreparerPersonGrp,FilingSecurityInformation,TaxYr,PreparerFirmEIN,PreparerFirmName,PreparerUSAddress,BusinessNameLine1Txt,AddressLine1Txt,CityNm,StateAbbreviationCd,ZIPCd,BusinessName,BusinessNameControlTxt,PhoneNum,PersonNm,PersonTitleTxt,SignatureDt,DiscussWithPaidPreparerInd,PreparerPersonNm,IPAddress,IPDt,IPTm,IPTimezoneCd,FilingLicenseTypeCd,AtSubmissionCreationDeviceId,AtSubmissionFilingDeviceId,IPv4AddressTxt,PrincipalOfficerNm,GrossReceiptsAmt,GroupReturnForAffiliatesInd,Organization501cInd,WebsiteAddressTxt,TypeOfOrganizationCorpInd,FormationYr,LegalDomicileStateCd,ActivityOrMissionDesc,VotingMembersGoverningBodyCnt,VotingMembersIndependentCnt,TotalEmployeeCnt,TotalVolunteersCnt,TotalGrossUBIAmt,NetUnrelatedBusTxblIncmAmt,PYContributionsGrantsAmt,CYContributionsGrantsAmt,PYProgramServiceRevenueAmt,CYProgramServiceRevenueAmt,PYInvestmentIncomeAmt,CYInvestmentIncomeAmt,PYOtherRevenueAmt,CYOtherRevenueAmt,PYTotalRevenueAmt,CYTotalRevenueAmt,PYGrantsAndSimilarPaidAmt,CYGrantsAndSimilarPaidAmt,PYBenefitsPaidToMembersAmt,CYBenefitsPaidToMembersAmt,PYSalariesCompEmpBnftPaidAmt,CYSalariesCompEmpBnftPaidAmt,PYTotalProfFndrsngExpnsAmt,CYTotalProfFndrsngExpnsAmt,CYTotalFundraisingExpenseAmt,PYOtherExpensesAmt,CYOtherExpensesAmt,PYTotalExpensesAmt,CYTotalExpensesAmt,PYRevenuesLessExpensesAmt,CYRevenuesLessExpensesAmt,TotalAssetsBOYAmt,TotalAssetsEOYAmt,TotalLiabilitiesBOYAmt,TotalLiabilitiesEOYAmt,NetAssetsOrFundBalancesBOYAmt,NetAssetsOrFundBalancesEOYAmt,InfoInScheduleOPartIIIInd,MissionDesc,SignificantNewProgramSrvcInd,SignificantChangeInd,Desc,ProgSrvcAccomActy2Grp,ProgSrvcAccomActy3Grp,ProgSrvcAccomActyOtherGrp,DescribedInSection501c3Ind,ScheduleBRequiredInd,PoliticalCampaignActyInd,SubjectToProxyTaxInd,DonorAdvisedFundInd,ConservationEasementsInd,CollectionsOfArtInd,CreditCounselingInd,TempOrPermanentEndowmentsInd,ReportLandBuildingEquipmentInd,ReportInvestmentsOtherSecInd,ReportProgramRelatedInvstInd,ReportOtherAssetsInd,ReportOtherLiabilitiesInd,IncludeFIN48FootnoteInd,IndependentAuditFinclStmtInd,ConsolidatedAuditFinclStmtInd,SchoolOperatingInd,ForeignOfficeInd,ForeignActivitiesInd,MoreThan5000KToOrgInd,MoreThan5000KToIndividualsInd,ProfessionalFundraisingInd,FundraisingActivitiesInd,GamingActivitiesInd,OperateHospitalInd,GrantsToOrganizationsInd,GrantsToIndividualsInd,ScheduleJRequiredInd,TaxExemptBondsInd,LoanOutstandingInd,GrantToRelatedPersonInd,BusinessRlnWithOrgMemInd,BusinessRlnWithFamMemInd,BusinessRlnWithOfficerEntInd,DeductibleNonCashContriInd,DeductibleArtContributionInd,TerminateOperationsInd,PartialLiquidationInd,DisregardedEntityInd,RelatedEntityInd,RelatedOrganizationCtrlEntInd,TransactionWithControlEntInd,ActivitiesConductedPrtshpInd,ScheduleORequiredInd,IRPDocumentCnt,IRPDocumentW2GCnt,BackupWthldComplianceInd,EmployeeCnt,EmploymentTaxReturnsFiledInd,UnrelatedBusIncmOverLimitInd,Form990TFiledInd,ForeignFinancialAccountInd,ForeignCountryCd,ProhibitedTaxShelterTransInd,TaxablePartyNotificationInd,NondeductibleContributionsInd,IndoorTanningServicesInd,InfoInScheduleOPartVIInd,GoverningBodyVotingMembersCnt,IndependentVotingMemberCnt,FamilyOrBusinessRlnInd,DelegationOfMgmtDutiesInd,ChangeToOrgDocumentsInd,MaterialDiversionOrMisuseInd,MembersOrStockholdersInd,ElectionOfBoardMembersInd,DecisionsSubjectToApprovaInd,MinutesOfGoverningBodyInd,MinutesOfCommitteesInd,OfficerMailingAddressInd,LocalChaptersInd,Form990ProvidedToGvrnBodyInd,ConflictOfInterestPolicyInd,AnnualDisclosureCoveredPrsnInd,RegularMonitoringEnfrcInd,WhistleblowerPolicyInd,DocumentRetentionPolicyInd,CompensationProcessCEOInd,CompensationProcessOtherInd,InvestmentInJointVentureInd,UponRequestInd,BooksInCareOfDetail,Form990PartVIISectionAGrp,TotalReportableCompFromOrgAmt,TotReportableCompRltdOrgAmt,TotalOtherCompensationAmt,IndivRcvdGreaterThan100KCnt,FormerOfcrEmployeesListedInd,TotalCompGreaterThan150KInd,CompensationFromOtherSrcsInd,ContractorCompensationGrp,CntrctRcvdGreaterThan100KCnt,MembershipDuesAmt,TotalContributionsAmt,ProgramServiceRevenueGrp,TotalOthProgramServiceRevGrp,TotalProgramServiceRevenueAmt,InvestmentIncomeGrp,RoyaltiesRevenueGrp,GrossRentsGrp,LessRentalExpensesGrp,RentalIncomeOrLossGrp,NetRentalIncomeOrLossGrp,GrossAmountSalesAssetsGrp,LessCostOthBasisSalesExpnssGrp,GainOrLossGrp,NetGainOrLossInvestmentsGrp,GrossSalesOfInventoryAmt,CostOfGoodsSoldAmt,NetIncomeOrLossGrp,OtherRevenueMiscGrp,MiscellaneousRevenueGrp,OtherRevenueTotalAmt,TotalRevenueGrp,GrantsToDomesticOrgsGrp,CompCurrentOfcrDirectorsGrp,CompDisqualPersonsGrp,OtherSalariesAndWagesGrp,PensionPlanContributionsGrp,OtherEmployeeBenefitsGrp,PayrollTaxesGrp,FeesForServicesLegalGrp,FeesForServicesAccountingGrp,FeesForSrvcInvstMgmntFeesGrp,FeesForServicesOtherGrp,AdvertisingGrp,OfficeExpensesGrp,InformationTechnologyGrp,RoyaltiesGrp,OccupancyGrp,TravelGrp,ConferencesMeetingsGrp,InterestGrp,DepreciationDepletionGrp,InsuranceGrp,OtherExpensesGrp,AllOtherExpensesGrp,TotalFunctionalExpensesGrp,CashNonInterestBearingGrp,SavingsAndTempCashInvstGrp,AccountsReceivableGrp,InventoriesForSaleOrUseGrp,PrepaidExpensesDefrdChargesGrp,LandBldgEquipCostOrOtherBssAmt,LandBldgEquipAccumDeprecAmt,LandBldgEquipBasisNetGrp,InvestmentsPubTradedSecGrp,OtherAssetsTotalGrp,TotalAssetsGrp,AccountsPayableAccrExpnssGrp,DeferredRevenueGrp,OtherLiabilitiesGrp,TotalLiabilitiesGrp,OrganizationFollowsSFAS117Ind,UnrestrictedNetAssetsGrp,TemporarilyRstrNetAssetsGrp,TotalNetAssetsFundBalanceGrp,TotLiabNetAssetsFundBalanceGrp,InfoInScheduleOPartXIInd,ReconcilationRevenueExpnssAmt,NetUnrlzdGainsLossesInvstAmt,OtherChangesInNetAssetsAmt,MethodOfAccountingAccrualInd,AccountantCompileOrReviewInd,FSAuditedInd,FSAuditedBasisGrp,AuditCommitteeInd,FederalGrantAuditRequiredInd,FederalGrantAuditPerformedInd,TitleTxt,AverageHoursPerWeekRt,AverageHoursPerWeekRltdOrgRt,IndividualTrusteeOrDirectorInd,ReportableCompFromOrgAmt,ReportableCompFromRltdOrgAmt,OtherCompensationAmt,OfficerInd,KeyEmployeeInd,HighestCompensatedEmployeeInd,FormerOfcrDirectorTrusteeInd,ContractorName,ContractorAddress,ServicesDesc,CompensationAmt,BusinessCd,TotalRevenueColumnAmt,RelatedOrExemptFuncIncomeAmt,ExclusionAmt,RealAmt,SecuritiesAmt,OtherAmt,UnrelatedBusinessRevenueAmt,TotalAmt,BOYAmt,EOYAmt,ConsolidatedBasisFinclStmtInd,SubstantiallyAllDuesNondedInd,OnlyInHouseLobbyingInd,AgreeCarryoverPriorYearInd,DuesAssessmentsAmt,NonDeductibleLbbyngPltclCYAmt,NonDeductibleLbbyngPltclTotAmt,AggregateReportedDuesNtcAmt,CarriedOverAmt,LeaseholdImprovementsGrp,EquipmentGrp,OtherLandBuildingsGrp,TotalBookValueLandBuildingsAmt,OtherAssetsOrgGrp,TotalBookValueOtherAssetsAmt,FederalIncomeTaxLiabilityAmt,OtherLiabilitiesOrgGrp,TotalLiabilityAmt,OtherCostOrOtherBasisAmt,DepreciationAmt,BookValueAmt,Amt,AccountActivitiesOutsideUSGrp,SubtotalOfficesCnt,SubtotalEmployeesCnt,ContinuationTotalOfficeCnt,ContinuationTotalEmployeeCnt,TotalOfficeCnt,SubtotalSpentAmt,ContinuationSpentAmt,TotalSpentAmt,TransferToForeignCorpInd,InterestInForeignTrustInd,ForeignCorpOwnershipInd,PassiveForeignInvestmestCoInd,ForeignPartnershipInd,BoycottCountriesInd,RegionTxt,OfficesCnt,TypeOfActivitiesConductedTxt,SpecificServicesProvidedTxt,RegionTotalExpendituresAmt,GrantRecordsMaintainedInd,Total501c3OrgCnt,TotalOtherOrgCnt,SupplementalInformationDetail,RecipientBusinessName,RecipientEIN,IRCSectionDesc,CashGrantAmt,PurposeOfGrantTxt,AddressLine2Txt,FormAndLineReferenceDesc,ExplanationTxt,FirstClassOrCharterTravelInd,ClubDuesOrFeesInd,WrittenPolicyRefTAndEExpnssInd,SubstantiationRequiredInd,CompensationCommitteeInd,IndependentConsultantInd,CompensationSurveyInd,BoardOrCommitteeApprovalInd,SeverancePaymentInd,SupplementalNonqualRtrPlanInd,EquityBasedCompArrngmInd,RltdOrgOfficerTrstKeyEmplGrp,BaseCompensationFilingOrgAmt,CompensationBasedOnRltdOrgsAmt,BonusFilingOrganizationAmount,BonusRelatedOrganizationsAmt,OtherCompensationFilingOrgAmt,OtherCompensationRltdOrgsAmt,DeferredCompensationFlngOrgAmt,DeferredCompRltdOrgsAmt,NontaxableBenefitsFilingOrgAmt,NontaxableBenefitsRltdOrgsAmt,TotalCompensationFilingOrgAmt,TotalCompensationRltdOrgsAmt,CompReportPrior990FilingOrgAmt,CompReportPrior990RltdOrgsAmt,IdRelatedOrgTxblCorpTrGrp,ReceiptOfIntAnntsRntsRyltsInd,GiftGrntOrCapContriToOthOrgInd,GiftGrntCapContriFromOthOrgInd,LoansOrGuaranteesToOtherOrgInd,LoansOrGuaranteesFromOthOrgInd,DivRelatedOrganizationInd,AssetSaleToOtherOrgInd,AssetPurchaseFromOtherOrgInd,AssetExchangeInd,RentalOfFacilitiesToOthOrgInd,RentalOfFcltsFromOthOrgInd,PerformOfServicesForOthOrgInd,PerformOfServicesByOtherOrgInd,SharingOfFacilitiesInd,PaidEmployeesSharingInd,ReimbursementPaidToOtherOrgInd,ReimbursementPaidByOtherOrgInd,TransferToOtherOrgInd,TransferFromOtherOrgInd,TransactionsRelatedOrgGrp,RelatedOrganizationName,PrimaryActivitiesTxt,EntityTypeTxt,ShareOfTotalIncomeAmt,ShareOfEOYAssetsAmt,OwnershipPct,ControlledOrganizationInd,DirectControllingNACd,ForeignAddress,LegalDomicileForeignCountryCd,CountryCd,OtherOrganizationName,TransactionTypeTxt,InvolvedAmt,MethodOfAmountDeterminationTxt,PreparationDt,ForeignPostalCd,PoliticalExpendituresAmt,Expended527ActivitiesAmt,InternalFundsContributedAmt,ContinutationTotalOfficeCnt,ContinutationTotalEmployeeCnt,Form8282FiledCnt,PermanentlyRstrNetAssetsGrp,TaxableAmt,FootnoteTextInd,NumberOf8282Filed,NonDedLobbyPoliticalCarryover,TotalExpenses,ExcessOrDeficitForYear,NetUnrealizedGLOnInvestments,OtherAmount,TotalAdjustments,ExcessOrDeficitPerFS,Form990ScheduleDPartXIV,Form990ScheduleRPartII,NameOfDisregardedEntity,PrimaryActivities,ExemptCodeSection,PublicCharityStatus,ProvinceOrStateNm,AmountToBeCarriedOver,OtherAssets,TotalBookValueOtherAssets,GrantRecordsMaintained,WrittenEmploymentContract,NonDedLbbyngPltclCyovAmt
0,,,,,,,,,,,,,,,,,,,,,,,,,,,,,,,,,,,,,,,,,,,,,,,,,,,,,,,,,,,,,,,,,,,,,,,,,,,,,,,,,,,,,,,,,,,,,,,,,,,,,,,,,,,,,,,,,,,,,,,,,,,,,,,,,,,,,,,,,,,,,,,,,,,,,,,,,,,,,,,,,,,,,,,,,,,,,,,,,,,,,,,,,,,,,,,,,,,,,,,,,,,,,,,,,,,,,,,,,,,,,,,,,,,,,,,,,,,,,,,,,,,,,,,,,,,,,,,,,,,,,,,,,,,,,,,,,,,,,,,,,,,,,,,,,,,,,,,,,,,,,,,,,,,,,,,,,,,,,,,,,,,,,,,,,,,,,,,,,,,,,,,,,,,,,,,,,,,,,,,,,,,,,,,,,,,,,,,,,,,,,,,,,,,,,,,,,,,,,,,,,,,,,,,,,,,,,,,,,,,,,,,,,,,,,,,,,,,,,,,,,,,,,,,,,,,,,,,,,,,,,,,,,,,,,,,,,,,,,,,,,,,,,,,,,,,,,,,,,,,,,,,,,,,,,,,,,,,,,,,,,,,,,,,,,,,,,,,,,,,,,,,,,,,,,,,,,,,,,,,,,,,,,,,,,,,,,,,,,,,,,,,,,,,,,,,,,,,,,,,,,,,,,,,,,,,,,,,,,,,,,,,,,,,,,,,,,,,,,,,,,,,,,,,,,,,,,,,,,,,,,,,,,,,,,,,,,,,,,,,,,,,,,,,,,,,,,,,,,,,,,,,,,,,,,,,,,,,,,,,,,,,,,,,,,,,,,,,,,,,,,,,,,,,,,,,,,,,,,,,,,,,,,,,,,,,,,,,,,,,,,,,,,,,,,,,,,,,,,,,,,,,,,,,,,,,,,,,,,,,,,,,,,,,,,,,,,,,,,,,,,,,
2011,,"
    ","
    ",2011-11-14T13:02:28-06:00,2010-12-31,"
      ",990,2010-01-01,"
      ",X,"
      ",2010,2016-03-07 17:11:31Z,"
        ","
        ",AMA Services Inc,515 North State Street,Chicago,IL,60654,362874262,Julie Dee,AMER,3124861000,"
        ","SVP, HR & Corp Services",2011-11-14,1,,"
      ","
      ","
      ","
      ","
      ","
      ","
      ","
      ",,James L Madara,"
        ",466265803,0,X,www.ama-assn.org,X,1847,IL,To further the interests of the medical profession by promoting the art and science of medicine and the betterment of public health.,21,21,1048,0,26459394,-174163,42377457,38291369,50207740,49848054,-9514527,13272900,124807465,134599244,207878135,236011567,566331,522175,0,0,120448347,115412202,0,0,0,100602768,104792123,221617446,220726500,-13739311,15285067,448019354,494188040,131743995,134733073,316275359,359454967,X,To further the interests of the medical profession by promoting the art and science of medicine and the betterment of public health.,0,0,Reserved for subleased office space,"
        ","
        ","
        ",0,0,0,1,0,0,0,0,0,1,0,0,1,1,1,0,1,0,1,1,0,0,0,0,0,0,1,0,1,0,0,0,0,0,0,0,0,0,0,0,1,1,1,0,1,473,0,1,2,1,1,1,1,UK,0,0,0,0,X,21,21,1,0,0,0,1,1,0,1,1,0,0,1,1,1,1,1,0,1,1,0,X,"
        ",,"
        ",7065129,0,616820,269,0,1,0,"
        ",39,38291369,38291369,"
        ","
        ",49848054,"
        ","
        ","
        ","
        ","
        ","
        ","
        ","
        ","
        ","
        ",49185671,6557508,"
        ","
        ","
        ",30207656,236011567,"
        ","
        ","
        ","
        ","
        ","
        ","
        ","
        ","
        ","
        ","
        ","
        ","
        ","
        ","
        ","
        ","
        ","
        ","
        ","
        ","
        ","
        ","
        ","
        ","
        ","
        ","
        ","
        ",108485369,87292838,"
        ","
        ","
        ","
        ","
        ","
        ","
        ","
        ",X,"
        ","
        ",,"
        ","
        ",X,15285067,,27894541,X,0,1,,1,1,1,"
            ",3124645000,"
          ",Robert W Davis,65.00,X,416561,0,32620,X,X,,"
          ","
          ",Provided outside legal services,383309,722210,236011567,95979787,26459394,75281017,0,3124279,107285,220726500,494188040,448019354,X,,,,0,0,0,38291369,22460190,22460190,19276141,,"
        ","
        ","
        ",21192531,,61610492,,,79814328,66665272,9938850,1570819,Changes in Net Assets or Fund Balances:,"Form 990, Part VII and Schedule J","Trustee Cyril M. Hetsko, M.D., FACP assigned $62,300 of his 2010 compensation to be paid to Hetsko Healthcare Consulting Services, LLC. Chair-elect and Chair Ardis D. Hoven, M.D., assigned $218,000 of her 2010 compensation to be paid to University of Kentucky. Trustee Christopher K. Kay assigned $51,500 of his 2010 compensation to be paid to Attractions Development. Trustee Edward L. Langston, M.D., assigned $86,000 of his 2010 compensation to be paid to American Health Network. Trustee Barbara L. McAneny, M.D., assigned $14,050 of her 2010 compensation to be paid to New Mexico Oncology Consultants. Chair and Past-Chair Rebecca J. Patchin, M.D., assigned $160,500 of her 2010 compensation to be paid to Loma Linda University Anesthesiology Medical Group. President and Past-President J. James Rohack, M.D., assigned $276,500 of his 2010 compensation to be paid to Scott & White Clinic.","
        ",,5,,0,,5,260912,0,260912,0,0,0,0,0,0,Central America and the Caribbean,,Program Services,Subscriptions,23091,1,"
        ",18,6,"
        ","
          ",830164457,501(c)(6),11500,Grant- legislation to limit midwives scope of practice expansion,,X,X,1,1,X,X,X,X,0,1,0,"
        ","
        ",284131,0,105951,0,26479,0,14700,0,17920,0,449181,0,0,0,"
        ","
        ",1,0,0,0,0,,0,0,0,0,0,1,0,1,0,0,1,0,1,"
        ","
          ",Business Services Reinsurance Company,IL,"
          ",C,-22820,3976903,1.00000,1,"
          ",R,12100000,Cost/Fair Market Value,,,,,,,,,,,,,,,,,,,,,,,,,,,,,,,,,,,,,,,,,,,,,,,,,,,,,,,,,,,,,,,,,,,,,,,,,,,,,,,,,,,,,,,,,,,,,,,,,,,,,,,,,,,,,,,,,,,,,,,,,,,,,,,,,,,,,,,,,,,,,,,,,,,,,,,,,,,,,,,,,,,,,,,,,,,,,,,,,,,,,,,,,,,,,,,,,,,,,,,,,,,,,,,,,,,,,,,,,,,,,,,,,,,,,,,,,,,,,,,,,,,,,,,,,,,,,,,,,,,,,,,,,,,,,,,,,,,,,,,,,,,,,,,,,,,,,,,,,,,,,,,,,,,,,,,,,,,,,,,,,,,,,,,,,,,,,,,,,,,,,,,,,,,,,,,,,,,,,,,,,,,,,,,,,,,,,,,,,,,,,,,,,,,,,,,,,,,,,,,,,,,,,,,,,,,,,220726500,15285067,16342335,11552206,27894541,43179608,"
        ","
        ","
          ",Foundation-inactive,501(c)(3),Line 1,,3184049,"
        ",9938850,1,X,
2012,,"
    ","
    ",2012-11-12T13:17:29-06:00,2011-12-31,"
      ",990,2011-01-01,"
      ",X,"
      ",2011,2016-02-24 21:20:13Z,"
        ","
        ",AMA SERVICES INC,515 NORTH STATE STREET,CHICAGO,IL,60654,362874262,SHAWNA M JIMENEZ,AMER,3174648600,"
        ",PAST TRUSTEE,2012-11-12,1,P01222873,"
      ","
      ","
      ","
      ","
      ","
      ","
      ","
      ",,JAMES L MADARA,"
        ",493671613,0,X,WWW.AMA-ASSN.ORG,X,1847,IL,SEE SCHEDULE O,21,21,1051,0,29329605,1271448,38291369,37864411,49848054,55858535,13272900,13967752,134599244,139362002,236011567,247052700,522175,528838,0,0,115412202,119491343,0,0,0,104792123,105913286,220726500,225933467,15285067,21119233,494188040,502879547,134733073,147899740,359454967,354979807,X,TO FURTHER THE INTERESTS OF THE MEDICAL PROFESSION BY PROMOTING THE ART AND SCIENCE OF MEDICINE AND THE BETTERMENT OF PUBLIC HEALTH.,0,0,RESERVE FOR SUBLEASED OFFICE SPACE,"
        ","
        ","
        ",0,0,0,1,0,0,0,0,0,1,0,0,0,1,0,0,1,0,1,1,0,0,0,0,0,0,1,0,1,0,0,0,0,0,0,0,0,0,0,0,1,1,1,0,1,515,0,1,1,1,1,1,1,UK,0,0,0,0,X,21,21,1,0,0,0,1,1,0,1,1,0,0,1,1,1,1,1,1,1,1,0,X,"
        ",X,"
        ",7875066,0,1019623,260,1,1,0,"
        ",40,37864411,37864411,"
        ","
        ",55858535,"
        ","
        ","
        ","
        ","
        ","
        ","
        ","
        ","
        ","
        ",47747882,6765040,"
        ","
        ","
        ",32554492,247052700,"
        ","
        ","
        ","
        ","
        ","
        ","
        ","
        ","
        ","
        ","
        ","
        ","
        ","
        ","
        ","
        ","
        ","
        ","
        ","
        ","
        ","
        ","
        ",,"
        ","
        ","
        ","
        ",110591110,91707581,"
        ","
        ","
        ","
        ","
        ","
        ","
        ","
        ",X,"
        ","
        ","
        ","
        ","
        ",X,21119233,,-25594393,X,0,1,,1,1,1,"
            ",3124645000,"
          ",NANCY H NIELSEN MD,0.00,X,122923,0,0,X,X,X,"
          ","
          ",PROVIDED IT CONSULTING SERVICES,387610,722210,247052700,99841590,29329605,80017094,0,3857297,6071,225933467,502879547,494188040,X,,0,0,0,0,1,37864411,21030892,24214941,24542802,-327861,"
        ","
        ","
        ",18883529,,72025308,,,81806234,68869080,12937154,1744064,CHANGES IN NET ASSETS OR FUND BALANCES:,"FORM 990, PART VII AND SCHEDULE J:","TRUSTEE CYRIL M. HETSKO, M.D., FACP ASSIGNED $27,550 OF HIS 2011 COMPENSATION TO BE PAID TO HETSKO HEALTHCARE CONSULTING SERVICES, LLC. CHAIR-ELECT AND CHAIR ARDIS D. HOVEN, M.D., ASSIGNED $126,500 OF HER 2011 COMPENSATION TO BE PAID TO UNIVERSITY OF KENTUCKY. TRUSTEE CHRISTOPHER K. KAY ASSIGNED $51,500 OF HIS 2011 COMPENSATION TO BE PAID TO ATTRACTIONS DEVELOPMENT. TRUSTEE EDWARD L. LANGSTON, M.D., ASSIGNED $33,850 OF HIS 2011 COMPENSATION TO BE PAID TO AMERICAN FAMILY NETWORK. TRUSTEE BARBARA L. MCANENY, M.D., ASSIGNED $57,200 OF HER 2011 COMPENSATION TO BE PAID TO NEW MEXICO ONCOLOGY CONSULTANTS. CHAIR AND PAST-CHAIR REBECCA J. PATCHIN, M.D., ASSIGNED $25,750 OF HER 2011 COMPENSATION TO BE PAID TO LOMA LINDA UNIVERSITY ANESTHESIOLOGY MEDICAL GROUP. PRESIDENT AND PAST-PRESIDENT J. JAMES ROHACK, M.D., ASSIGNED $137,000 OF HIS 2011 COMPENSATION TO BE PAID TO SCOTT & WHITE CLINIC.","
        ",0,6,0,0,0,6,157489,0,157489,0,0,0,0,0,0,EAST ASIA AND THE PACIFIC,0,PROGRAM SERVICES,SUBSCRIPTIONS,6697,1,"
        ",10,6,"
        ","
          ",520796820,501(C)(3),10000,SUPPORT TO PRESERVE AND INTERPRET THE HISTORY OF THE CAPITOL AND THE CONGRESS,,X,X,1,1,X,X,X,X,1,1,0,"
        ","
        ",0,0,0,0,122923,0,0,0,0,0,122923,0,122923,0,"
        ","
        ",1,0,0,0,0,,1,0,0,0,0,1,0,1,0,0,1,0,1,"
        ","
          ",BUSINESS SERVICES REINSURANCE COMPANY,IL,"
          ",C,-22599,3887685,1.00000,1,"
          ",R,3000000,COST/FAIR MARKET VALUE,,,,,,,,,,,,,,,,,,,,,,,,,,,,,,,,,,,,,,,,,,,,,,,,,,,,,,,,,,,,,,,,,,,,,,,,,,,,,,,,,,,,,,,,,,,,,,,,,,,,,,,,,,,,,,,,,,,,,,,,,,,,,,,,,,,,,,,,,,,,,,,,,,,,,,,,,,,,,,,,,,,,,,,,,,,,,,,,,,,,,,,,,,,,,,,,,,,,,,,,,,,,,,,,,,,,,,,,,,,,,,,,,,,,,,,,,,,,,,,,,,,,,,,,,,,,,,,,,,,,,,,,,,,,,,,,,,,,,,,,,,,,,,,,,,,,,,,,,,,,,,,,,,,,,,,,,,,,,,,,,,,,,,,,,,,,,,,,,,,,,,,,,,,,,,,,,,,,,,,,,,,,,,,,,,,,,,,,,,,,,,,,,,,,,,,,,,,,,,,,,,,,,,,,,,,0,3184049,225933467,21119233,-10164709,-15429684,-25594393,-4475160,"
        ","
        ","
          ",FOUNDATION-INACTIVE,501(C)(3),LINE 7: 170(B)(1)(A),,,,,,,
2013,,"
    ","
    ",2013-11-11T08:45:18-06:00,2012-12-31,"
      ",990,2012-01-01,"
      ",X,"
      ",2012,2016-02-24 21:20:13Z,"
        ","
        ",AMA SERVICES INC,330 N WABASH AVE STE 39300,CHICAGO,IL,606115885,362874262,SHAWNA M JIMENEZ,AMER,3174648600,"
        ",PAST TRUSTEE,2013-11-11,1,P01222873,"
      ","
      ","
      ","
      ","
      ","
      ","
      ","
      ",X,JAMES L MADARA MD,"
        ",494839551,0,X,WWW.AMA-ASSN.ORG,X,1847,IL,TO FURTHER THE INTERESTS OF THE MEDICAL PROFESSION BY PROMOTING THE ARTAND SCIENCE OF MEDICINE AND THE BETTERMENT OF PUBLIC HEALTH.,21,21,1026,0,19237493,-2270680,37864411,38916878,55858535,56904536,13967752,18055478,139362002,125194921,247052700,239071813,528838,506964,0,0,119491343,125304079,0,0,0,105913286,97982369,225933467,223793412,21119233,15278401,502879547,552895154,147899740,167502521,354979807,385392633,X,TO FURTHER THE INTERESTS OF THE MEDICAL PROFESSION BY PROMOTING THE ART AND SCIENCE OF MEDICINE AND THE BETTERMENT OF PUBLIC HEALTH.,0,0,STATE INCOME TAX PAYABLE,"
        ","
        ","
        ",0,0,0,1,0,0,0,0,0,1,0,0,0,1,0,0,1,0,1,1,0,0,0,0,0,0,1,0,1,0,0,0,0,0,0,0,0,0,0,0,1,1,1,0,1,524,0,1,1,1,1,1,1,UK,0,0,0,0,X,21,21,0,0,0,0,1,1,0,1,1,0,0,1,1,1,1,1,1,1,1,0,X,"
        ",X,"
        ",8205011,0,792162,275,1,1,0,"
        ",105,38916878,38916878,"
        ","
        ",56904536,"
        ","
        ","
        ","
        ","
        ","
        ","
        ","
        ","
        ","
        ",37970644,5350744,"
        ","
        ","
        ",22105198,"
        ","
        ","
        ","
        ","
        ","
        ","
        ","
        ","
        ","
        ","
        ","
        ","
        ","
        ","
        ","
        ","
        ","
        ","
        ","
        ","
        ","
        ","
        ","
        ","
        ","
        ","
        ","
        ","
        ",117104055,97257883,"
        ","
        ","
        ","
        ","
        ","
        ","
        ","
        ",X,"
        ","
        ","
        ","
        ","
        ",X,15278401,17082167,-1947742,X,0,1,"
        ",1,1,1,"
            ",3124645000,"
          ",REBECCA J PATCHIN MD,0.00,X,10826,0,0,X,X,X,"
          ","
          ",PROVIDED MARKETING CONSULTING SERVICES,1389500,722210,239071813,92012748,19237493,88904694,0,8241089,-44243,223793412,552895154,502879547,X,0,0,0,0,0,0,38916878,16157127,16157127,23364857,-7207730,"
        ","
        ","
        ",19846172,417535,90457792,X,"
        ",86117253,72060731,14056522,79550,CHANGES IN NET ASSETS OR FUND BALANCES:,"FORM 990, PART VII AND SCHEDULE J:","TRUSTEE BARBARA L. MCANENY, M.D., ASSIGNED $57,500 OF HER 2012 COMPENSATION TO NEW MEXICO ONCOLOGY CONSULTANTS. TRUSTEE CHRISTOPHER K. KAY ASSIGNED $25,750 OF HIS 2012 COMPENSATION TO ATTRACTIONS DEVELOPMENT.","
        ",0,5,0,0,0,5,164077,0,164077,0,0,0,0,0,0,EAST ASIA AND THE PACIFIC,0,PROGRAM SERVICES,SUBSCRIPTIONS,951,1,"
        ",14,4,"
        ","
          ",870204459,501(C)(3),35000,GRANT TO SUPPORT COSMETIC LASER PROCEDURES IN THE STATUTORY DEFINITION OF THE PRACTICE OF MEDICINE.,5201,X,X,1,1,X,X,X,X,1,1,0,"
        ","
        ",0,0,0,0,10826,0,0,0,0,0,10826,0,10826,0,"
        ","
        ",1,0,0,0,0,1,0,0,0,0,0,1,0,1,0,0,1,0,0,"
        ","
          ",BUSINESS SERVICES REINSURANCE COMPANY,IL,"
          ",C,-172577,3757546,1.00000,1,"
          ",F,6200000,COST/FAIR MARKET VALUE,,,,,,,,,,,,,,,,,,,,,,,,,,,,,,,,,,,,,,,,,,,,,,,,,,,,,,,,,,,,,,,,,,,,,,,,,,,,,,,,,,,,,,,,,,,,,,,,,,,,,,,,,,,,,,,,,,,,,,,,,,,,,,,,,,,,,,,,,,,,,,,,,,,,,,,,,,,,,,,,,,,,,,,,,,,,,,,,,,,,,,,,,,,,,,,,,,,,,,,,,,,,,,,,,,,,,,,,,,,,,,,,,,,,,,,,,,,,,,,,,,,,,,,,,,,,,,,,,,,,,,,,,,,,,,,,,,,,,,,,,,,,,,,,,,,,,,,,,,,,,,,,,,,,,,,,,,,,,,,,,,,,,,,,,,,,,,,,,,,,,,,,,,,,,,,,,,,,,,,,,,,,,,,,,,,,,,,,,,,,,,,,,,,,,,,,,,,,,,,,,,,,,,,,,,,,,,,,,,,,,,,,,,,,,,,
2014,,"
    ","
    ",,,,,,"
      ",,,,2015-11-30 17:44:51Z,,,AMA SERVICES INC,330 N WABASH AVENUE SUITE 39300,CHICAGO,IL,606115885,362874262,,,,"
          ",,,,P01222873,"
      ","
      ","
      ","
      ","
      ","
      ","
      ","
      ",,,,,,,,,,,,,,,,,,,,,,,,,,,,,,,,,,,,,,,,,,,,,,,,,,,,,,,,,,,,,,,,,,,,,,,,,,,,,,,,,,,,,,,,,,,,,,,,,,,,,,,,,,,,,,,,,,,,,,,,,,,,,,,,,,,,,,,,,,,,,,,,,,,,,,,,,,,,,,,,,,,,,,,,,,,,,,,,,,,,,,,,,,,,,,,,,,,,,,,,,,,,,,,,,,,,,,,,,,,,,,,,,,,,,,,,,,,,,,,,,,,,,,,,,,,,,,,,,,,,,,,,,,,,,,,,,,,,,,,,,,,,,,,,,,,,,,,,,,,,,,,,"
        ",,,,,,,,,,,,,,,,,,,,,,,,,,,,,,,,,,,,,,,,,,,,,,,,,,,,,,,,,,,,,,"
          ",,,,,,,,,,2014-06-19T13:54:59-05:00,2013-12-31,"
      ",990,2013-01-01,"
      ","
      ",,2013,861065772,"
        ","
        ",,,,,,"
            ",AMER,3124645000,REBECCA J PATCHIN MD,EVP/CEO,2014-06-19,1,SHAWNA M JIMENEZ,,,,,,,,,JAMES L MADARA MD,573415579,0,X,WWW.AMA-ASSN.ORG,X,1847,IL,TO FURTHER THE INTERESTS OF THE MEDICAL PROFESSION BY PROMOTING THE ART AND SCIENCE OF MEDICINE AND THE BETTERMENT OF PUBLIC HEALTH.,20,20,3,0,17912709,-2941254,38916878,40219936,56904536,59100928,18055478,29567597,125194921,129633818,239071813,258522279,506964,1849612,0,0,125304079,133651220,0,0,0,97982369,129978428,223793412,265479260,15278401,-6956981,552895154,662412060,167502521,208169736,385392633,454242324,X,TO FURTHER THE INTERESTS OF THE MEDICAL PROFESSION BY PROMOTING THE ART AND SCIENCE OF MEDICINE AND THE BETTERMENT OF PUBLIC HEALTH.,0,0,RESERVE FOR OFFICE LEASE TERMINATION,"
        ","
        ","
        ",0,0,0,1,0,0,0,0,0,1,0,0,1,1,0,0,1,0,1,1,0,0,0,0,0,0,1,0,1,0,0,0,0,0,0,0,0,0,0,0,1,1,1,0,1,457,0,1,1,1,1,1,1,UK,0,0,0,0,X,20,20,1,0,0,0,1,1,0,1,1,0,0,1,1,1,1,1,1,1,1,0,X,"
        ","
        ",8706991,0,734235,298,1,1,0,"
        ",71,40219936,40219936,"
        ","
        ",59100928,"
        ","
        ","
        ","
        ","
        ","
        ","
        ","
        ","
        ","
        ",38018407,5375977,"
        ","
        ","
        ",20481001,"
        ","
        ","
        ",,"
        ","
        ","
        ","
        ","
        ","
        ","
        ","
        ","
        ","
        ","
        ","
        ","
        ","
        ","
        ","
        ","
        ","
        ","
        ","
        ","
        ","
        ","
        ","
        ","
        ","
        ",117969576,64402276,"
        ","
        ","
        ","
        ","
        ","
        ","
        ","
        ",X,"
        ","
        ","
        ","
        ",X,-6956981,22739149,53067523,X,0,1,"
        ",1,0,,FORMER TRUSTEE,0.00,,X,13190,0,0,X,X,X,X,"
          ","
          ",PROVIDED ONLINE HOSTING SERVICES,713727,722210,258522279,93855069,106534565,0,21130096,-111905,17912709,265479260,552895154,662412060,X,0,0,0,40219936,17520656,17520656,22071327,,"
        ","
        ","
        ",53567300,"
        ",35065928,490800,"
        ",123714783,82647947,60983338,13803236,24128244,"
        ",0,3,,,0,136954,0,136954,0,0,0,0,0,0,EAST ASIA AND THE PACIFIC,0,PROGRAM SERVICES,SUBSCRIPTIONS,1213,1,27,6,"
        ","
          ",060646973,501(C)(3),10000,"SPONSORSHIP, EQUITY IN CANCER EVENT.",,"FORM 990, PART XI, LINE 9:","EQUITY IN EARNINGS OF SUBSIDIARY 15,533,498. DEFINED BENEFIT POSTRETIREMENT PLANS OTHER THAN EXPENSE 37,534,025.",X,X,1,1,X,X,X,X,0,1,0,"
        ",0,0,0,0,13190,0,0,0,0,0,13190,0,13190,0,"
        ",1,0,0,0,0,1,0,0,0,0,0,1,0,1,0,0,1,0,0,"
        ","
          ",BUSINESS SERVICES REINSURANCE COMPANY,C,-41757,3635989,1.00000,1,,,,,"
          ",F,10000000,COST/FAIR MARKET VALUE,,,0,0,0,0,0,0,"
        ",-4550671,X,,,,,,,,,,,,,,,,,,,,,
2015,,"
    ","
    ",,,,,,"
      ",,,,2016-02-25 16:41:14Z,,,,,,,,362874262,,,,"
          ",,,,P01222873,"
      ","
      ","
      ","
      ","
      ","
      ","
      ","
      ",,,,,,,,,,,,,,,,,,,,,,,,,,,,,,,,,,,,,,,,,,,,,,,,,,,,,,,,,,,,,,,,,,,,,,,,,,,,,,,,,,,,,,,,,,,,,,,,,,,,,,,,,,,,,,,,,,,,,,,,,,,,,,,,,,,,,,,,,,,,,,,,,,,,,,,,,,,,,,,,,,,,,,,,,,,,,,,,,,,,,,,,,,,,,,,,,,,,,,,,,,,,,,,,,,,,,,,,,,,,,,,,,,,,,,,,,,,,,,,,,,,,,,,,,,,,,,,,,,,,,,,,,,,,,,,,,,,,,,,,,,,,,,,,,,,,,,,,,,,,,,,,"
        ",,,,,,,,,,,,,,,,,,,,,,,,,,,,,,,,,,,,,,,,,,,,,,,,,,,,,,,,,,,,,,"
          ",,,,,,,,,,2015-04-15T13:56:46-05:00,2014-12-31,"
      ",990,2014-01-01,"
      ","
      ",,2014,861065772,"
        ","
        ",AMA SERVICES INC,330 N WABASH AVENUE SUITE 39300,CHICAGO,IL,606115885,"
            ",AMER,3124645000,REBECCA J PATCHIN MD,EVP/CEO,2015-04-15,1,SHAWNA M JIMENEZ,,,,,,,,,JAMES L MADARA MD,500926692,0,X,WWW.AMA-ASSN.ORG,X,1847,IL,TO FURTHER THE INTERESTS OF THE MEDICAL PROFESSION BY PROMOTING THE ART AND SCIENCE OF MEDICINE AND THE BETTERMENT OF PUBLIC HEALTH.,21,21,4,0,16171477,-1222508,40219936,40805083,59100928,59720704,29567597,29112798,129633818,131729467,258522279,261368052,1849612,3635777,0,0,133651220,133869171,0,0,0,129978428,94780367,265479260,232285315,-6956981,29082737,662412060,664330253,208169736,220123852,454242324,444206401,X,TO FURTHER THE INTERESTS OF THE MEDICAL PROFESSION BY PROMOTING THE ART AND SCIENCE OF MEDICINE AND THE BETTERMENT OF PUBLIC HEALTH.,0,0,RESERVE FOR OFFICE LEASE TERMINATION,"
        ","
        ","
        ",0,0,0,1,0,0,0,0,0,1,0,0,0,1,0,0,1,0,1,1,0,0,0,0,0,0,1,0,1,0,0,0,0,0,0,0,0,0,0,0,1,1,1,0,1,408,0,1,2,1,1,1,1,UK,0,0,0,0,X,21,21,1,0,0,0,1,1,0,1,1,0,0,1,1,1,1,1,1,1,1,0,X,"
        ","
        ",9273682,0,646624,335,1,1,0,"
        ",74,40805083,40805083,"
        ","
        ",59720704,"
        ","
        ","
        ","
        ","
        ","
        ","
        ","
        ","
        ","
        ",37309550,5746763,"
        ","
        ","
        ",18193475,"
        ","
        ","
        ",,"
        ","
        ","
        ","
        ","
        ","
        ","
        ","
        ","
        ","
        ","
        ","
        ","
        ","
        ","
        ","
        ","
        ","
        ","
        ","
        ","
        ","
        ","
        ","
        ","
        ","
        ",123724700,73726380,"
        ","
        ","
        ","
        ","
        ","
        ","
        ","
        ",X,"
        ","
        ","
        ","
        ",X,29082737,-17334690,-21783970,X,0,1,"
        ",1,0,,FORMER TRUSTEE,0.00,,X,14242,0,0,X,X,X,X,"
          ","
          ",RESEARCH CONSULTING SERVICES,677090,541900,261368052,92830278,111561214,0,19782879,6560,16171477,232285315,662412060,664330253,X,0,0,0,40805083,18788157,18788157,22305219,,"
        ","
        ","
        ",49998320,,,,"
        ",138770585,88006098,67694895,20311203,9779519,"
        ",0,4,,,0,199170,0,199170,0,0,0,0,0,0,EAST ASIA AND THE PACIFIC,0,PROGRAM SERVICES,SUBSCRIPTIONS,25455,1,30,6,"
        ","
          ",530196932,501(C)(3),10000,SUPPORT FOR ROUNDTABLE ON TRANSLATING GENOMIC-BASED RESEARCH FOR HEALTH.,HOSPITAL BUILDING STE 15-25,"FORM 990, PART XI, LINE 9:","EQUITY IN EARNINGS OF SUBSIDIARY 10,519,654. DEFINED BENEFIT POSTRETIREMENT PLANS OTHER THAN EXPENSE -32,720,568. REAL ESTATE TAX REFUNDS 416,944.",X,X,1,1,X,X,X,X,0,1,0,"
        ",0,0,0,0,14242,0,0,0,0,0,14242,0,14242,0,"
        ",1,0,0,0,0,1,0,0,0,0,0,1,0,1,0,0,1,0,0,"
        ","
          ",BUSINESS SERVICES REINSURANCE COMPANY,C,-113517,3515004,1.00000,1,,"
            ",,CA,"
          ",F,13600000,COST/FAIR MARKET VALUE,,M4W 3R8,0,0,0,0,0,0,"
        ",-3517062,X,,,,,,,,,,,,,,,ONTAIRO,,,,,,
2016,,"
    ","
    ",,,,,,"
      ",,,,2016-12-15 16:53:06Z,,,,,,,,363305962,,,,"
          ",,,,P01222873,"
      ","
      ","
      ","
      ","
      ","
      ","
      ","
      ",,,,,,,,,,,,,,,,,,,,,,,,,,,,,,,,,,,,,,,,,,,,,,,,,,,,,,,,,,,,,,,,,,,,,,,,,,,,,,,,,,,,,,,,,,,,,,,,,,,,,,,,,,,,,,,,,,,,,,,,,,,,,,,,,,,,,,,,,,,,,,,,,,,,,,,,,,,,,,,,,,,,,,,,,,,,,,,,,,,,,,,,,,,,,,,,,,,,,,,,,,,,,,,,,,,,,,,,,,,,,,,,,,,,,,,,,,,,,,,,,,,,,,,,,,,,,,,,,,,,,,,,,,,,,,,,,,,,,,,,,,,,,,,,,,,,,,,,,,,,,,,,"
        ",,,,,,,,,,,,,,,,,,,,,,,,,,,,,,,,,,,,,,,,,,,,,,,,,,,,,,,,,,,,,,"
          ",,,,,,,,,,2016-08-31T16:42:30-05:00,2015-12-31,"
      ",990,2015-01-01,"
      ","
      ",,2015,861065772,"
        ","
        ",AMA HEALTH INFORMATION SOLUTIONS INC,330 N WABASH AVENUE SUITE 39300,CHICAGO,IL,606115885,"
            ",AMER,3124645000,EDWARD L LANGSTON MD,EVP/CEO,2016-08-31,1,SHAWNA M JIMENEZ,,,,,,,,,JAMES L MADARA MD,605394311,0,X,WWW.AMA-ASSN.ORG,X,1847,IL,SEE SCHEDULE O.,21,21,7,0,20417610,0,40805083,39843049,59720704,63430096,29112798,28947497,131729467,152114639,261368052,284335281,3635777,3538108,0,0,133869171,143754933,0,0,0,94363423,107026204,231868371,254319245,29499681,30016036,664330253,684343310,220123852,233369849,444206401,450973461,X,TO FURTHER THE INTERESTS OF THE MEDICAL PROFESSION BY PROMOTING THE ART AND SCIENCE OF MEDICINE AND THE BETTERMENT OF PUBLIC HEALTH.,0,0,STATE INCOME TAX PAYABLE,"
        ","
        ","
        ",0,0,0,1,0,0,0,0,0,1,0,0,0,1,0,0,1,0,1,1,0,0,0,0,0,0,1,0,1,0,0,0,0,0,0,0,0,0,0,0,1,1,1,0,1,463,0,1,3,1,1,1,1,UK,0,0,0,0,X,21,21,0,0,0,0,1,1,0,1,1,0,0,1,1,1,1,1,1,1,1,0,X,"
        ","
        ",10121822,0,669937,360,1,1,0,"
        ",99,39843049,39843049,"
        ","
        ",63430096,"
        ","
        ","
        ","
        ","
        ","
        ","
        ","
        ","
        ","
        ",40177174,7112293,"
        ","
        ","
        ",21918728,"
        ","
        ","
        ","
        ","
        ","
        ","
        ","
        ","
        ","
        ","
        ","
        ","
        ","
        ","
        ","
        ","
        ","
        ","
        ","
        ","
        ","
        ","
        ","
        ","
        ","
        ","
        ","
        ","
        ","
        ",128863280,82565295,"
        ","
        ","
        ","
        ","
        ","
        ","
        ","
        ",X,"
        ","
        ","
        ","
        ",X,30016036,-37455652,14206676,X,0,1,"
        ",1,1,1,FORMER TRUSTEE,0.00,,X,11045,0,0,X,X,X,X,"
          ","
          ",PROVIDED CONSULTING SERVICES,958773,561000,284335281,97673534,126401088,0,19284659,-19548,20417610,254319245,664330253,684343310,X,0,0,0,39603011,21207073,21207073,19801505,1405568,"
        ","
        ","
        ",46297985,,,1102884,"
        ",138545461,92970279,73905685,19064594,154800,"
        ",0,7,,,0,348975,0,348975,0,0,0,0,0,0,EAST ASIA AND THE PACIFIC,0,PROGRAM SERVICES,SUBSCRIPTIONS,73234,1,30,7,"
        ","
          ",362246703,501(C)(3),250000,"SPONSORSHIP - FOR 1 HOUR PBS DOCUMENTARY ""HOPE FOR HEALTHCARE IN THE U.S.""",601,"FORM 990, PART XI, LINE 9:","EQUITY IN EARNINGS OF SUBSIDIARY 9,921,169. DEFINED BENEFIT POSTRETIREMENT PLANS OTHER THAN EXPENSE 4,285,507.",X,X,1,1,X,X,X,X,0,1,0,"
        ",0,0,0,0,11045,0,0,0,0,0,11045,0,11045,0,"
        ",1,0,0,0,0,1,0,0,0,0,0,1,0,0,0,0,1,0,0,"
        ","
          ",INSURANCE BROKERAGE,C,19962323,48621001,1.00000,1,,"
            ",,CA,"
          ",A,6875,COST/FAIR MARKET VALUE,2016-08-25,M4W 3R8,0,0,0,0,0,,,,,,,,,,,,,,,,,,,,,,,,,
2017,,"
    ","
    ",,,,,,"
      ",,,,2017-02-10 21:41:12Z,,,,,,,,981287229,,,,"
          ",,,,P01222873,"
      ","
      ","
      ","
      ","
      ","
      ","
      ","
      ",,,,,,,,,,,,,,,,,,,,,,,,,,,,,,,,,,,,,,,,,,,,,,,,,,,,,,,,,,,,,,,,,,,,,,,,,,,,,,,,,,,,,,,,,,,,,,,,,,,,,,,,,,,,,,,,,,,,,,,,,,,,,,,,,,,,,,,,,,,,,,,,,,,,,,,,,,,,,,,,,,,,,,,,,,,,,,,,,,,,,,,,,,,,,,,,,,,,,,,,,,,,,,,,,,,,,,,,,,,,,,,,,,,,,,,,,,,,,,,,,,,,,,,,,,,,,,,,,,,,,,,,,,,,,,,,,,,,,,,,,,,,,,,,,,,,,,,,,,,,,,,,"
        ",,,,,,,,,,,,,,,,,,,,,,,,,,,,,,,,,,,,,,,,,,,,,,,,,,,,,,,,,,,,,,"
          ",,,,,,,,,,2017-07-13T09:10:25-05:00,2016-12-31,"
      ",990,2016-01-01,"
      ","
      ","
      ",2016,861065772,"
        ","
        ",ADAMS STREET 1847 FUND LP,UGLAND HOUSE SOUTH CHURCH STREET,GEORGETOWN,IL,606115885,"
            ",AMER,3124645000,ARDIS D HOVEN MD,EVP/CEO,2017-07-06,1,SHAWNA M JIMENEZ,"
        ",2017-07-06,11:12:54,ED,P,4C47607E32D75D7EF49820AB9BB71A2F0D308FBB,97F72A34ECDDACCD749159058BF36C92A7BAC684,167.219.88.212,JAMES L MADARA MD,676746923,0,X,WWW.AMA-ASSN.ORG,X,1847,IL,SEE SCHEDULE O.,21,21,8,0,18244626,0,39843049,39469102,63430096,64495557,28947497,10671559,152114639,167004438,284335281,281640656,3538108,7080322,0,0,143754933,146119399,0,0,0,107026204,119074124,254319245,272273845,30016036,9366811,684343310,722482951,233369849,233286247,450973461,489196704,X,TO FURTHER THE INTERESTS OF THE MEDICAL PROFESSION BY PROMOTING THE ART AND SCIENCE OF MEDICINE AND THE BETTERMENT OF PUBLIC HEALTH.,0,0,STATE INCOME TAX PAYABLE,"
        ","
        ","
        ",0,0,0,1,0,0,0,0,0,1,0,0,0,1,0,0,1,0,1,1,0,0,0,0,0,0,1,0,1,0,0,0,0,0,0,0,0,0,0,0,1,1,1,0,1,512,0,1,1,1,1,1,1,UK,0,0,0,0,X,21,21,0,0,0,0,1,1,0,1,1,0,0,1,1,1,1,1,1,1,1,0,X,"
        ","
        ",9972824,0,650270,367,1,1,0,"
        ",101,39469102,39469102,"
        ","
        ",64495557,"
        ","
        ","
        ","
        ","
        ","
        ","
        ","
        ","
        ","
        ",35128702,6256523,"
        ","
        ","
        ",19561838,"
        ","
        ","
        ","
        ","
        ","
        ","
        ","
        ","
        ","
        ","
        ","
        ","
        ","
        ","
        ","
        ","
        ","
        ","
        ","
        ","
        ","
        ","
        ","
        ","
        ","
        ","
        ","
        ","
        ","
        ",137876220,92501144,"
        ","
        ","
        ","
        ","
        ","
        ","
        ","
        ",X,"
        ","
        ","
        ","
        ",X,9366811,23277112,5579320,X,0,1,"
        ",1,1,1,FORMER TRUSTEE,0.00,,X,18361,0,0,X,X,X,X,"
          ","
          ",PROVIDED CONSULTING SERVICES,1341865,561000,281640656,94684948,129241980,0,970147,2918,18244626,272273845,684343310,722482951,X,0,0,1,39230873,18784686,20190254,23538524,,"
        ","
        ","
        ",45375076,,,1093125,"
        ",143016607,101737849,81145567,20592282,99313,"
        ",0,8,,,0,1946628,0,1946628,1,0,1,0,0,0,"CENTRAL AMERICA AND THE CARIBBEAN - ANTIGUA & BARBUDA, ARUBA, BAHAMAS,",0,INVESTMENTS,SUBSCRIPTIONS,1377424,1,54,5,"
        ","
          ",620476822,501(C)(3),215133,GRANT TO DEVELOP PROGRAMS TO ACCELERATE CHANGE IN MEDICAL EDUCATION.,1350,"FORM 990, PART XI, LINE 9:","EQUITY IN EARNINGS OF SUBSIDIARY 4,749,964. DEFINED BENEFIT POSTRETIREMENT PLANS OTHER THAN EXPENSE 829,356.",X,X,1,1,X,X,X,X,0,1,0,"
        ",0,0,0,0,18361,0,0,0,0,0,18361,0,18361,0,"
        ",1,0,0,0,0,1,0,0,0,0,0,1,0,0,0,0,1,1,0,"
        ","
          ",INVESTING,C,-56866,1415994,0.99980,1,,"
          ",CJ,CJ,"
          ",R,1462500,COST/FAIR MARKET VALUE,,,,,,0,0,,,-3348270,,,,,,,,,,,,,,,,,,,,,,1405568
2018,,"
    ","
    ",,,,,,"
      ",,,,2018-06-14 16:35:46Z,,,,,,,,981287229,,,,"
          ",,,,P00172604,"
      ","
      ","
      ","
      ","
      ","
      ","
      ","
      ",,,,,,,,,,,,,,,,,,,,,,,,,,,,,,,,,,,,,,,,,,,,,,,,,,,,,,,,,,,,,,,,,,,,,,,,,,,,,,,,,,,,,,,,,,,,,,,,,,,,,,,,,,,,,,,,,,,,,,,,,,,,,,,,,,,,,,,,,,,,,,,,,,,,,,,,,,,,,,,,,,,,,,,,,,,,,,,,,,,,,,,,,,,,,,,,,,,,,,,,,,,,,,,,,,,,,,,,,,,,,,,,,,,,,,,,,,,,,,,,,,,,,,,,,,,,,,,,,,,,,,,,,,,,,,,,,,,,,,,,,,,,,,,,,,,,,,,,,,,,,,,,"
        ",,,,,,,,,,,,,,,,,,,,,,,,,,,,,,,,,,,,,,,,,,,,,,,,,,,,,,,,,,,,,,"
          ",,,,,,,,,,2018-07-16T14:32:46-05:00,2017-12-31,"
      ",990,2017-01-01,"
      ","
      ","
      ",2017,861065772,"
        ","
        ",ADAMS STREET 1847 FUND LP,UGLAND HOUSE SOUTH CHURCH STREET,GEORGETOWN,IL,606115885,"
            ",AMER,3124645000,ARDIS D HOVEN MD,EVP/CEO,2018-07-16,1,MARY RAUSCHENBERG,"
        ",2018-07-16,09:58:42,ED,P,47E99D1AF6C4B32F249A981E2DA5A5A2A0A6E7FE,BBC6FF48F749624228983DC5C77016F783C914CC,67.20.229.204,JAMES L MADARA MD,632533790,0,X,WWW.AMA-ASSN.ORG,X,1847,IL,SEE SCHEDULE O.,21,21,9,0,15068076,-1271870,39469102,38126134,64495557,65871732,10671559,22691106,167004438,190725713,281640656,317414685,7080322,8415709,0,0,146119399,154776607,0,0,0,119074124,127790400,272273845,290982716,9366811,26431969,722482951,815542079,233286247,255813335,489196704,559728744,X,TO FURTHER THE INTERESTS OF THE MEDICAL PROFESSION BY PROMOTING THE ART AND SCIENCE OF MEDICINE AND THE BETTERMENT OF PUBLIC HEALTH.,0,0,STATE INCOME TAX PAYABLE,"
        ","
        ","
        ",0,0,0,1,0,0,0,0,0,1,0,0,0,1,0,0,1,0,1,1,0,0,0,0,0,0,1,0,1,0,0,0,0,0,0,0,0,0,0,0,1,1,1,0,1,517,0,1,1,1,1,1,1,UK,0,0,0,0,X,21,21,0,0,0,0,1,1,0,1,1,0,0,1,1,1,1,1,1,1,1,0,X,"
        ","
        ",11391308,0,767628,392,1,1,0,"
        ",106,38126134,38126134,"
        ","
        ",65871732,"
        ","
        ","
        ","
        ","
        ","
        ","
        ","
        ","
        ","
        ",31073718,5233347,"
        ","
        ","
        ",16898198,"
        ","
        ","
        ","
        ","
        ","
        ","
        ","
        ","
        ","
        ","
        ","
        ","
        ","
        ","
        ","
        ","
        ","
        ","
        ","
        ","
        ","
        ","
        ","
        ","
        ","
        ","
        ","
        ","
        ","
        ",145742635,101760751,"
        ","
        ","
        ","
        ","
        ","
        ","
        ","
        ",X,"
        ","
        ","
        ","
        ",X,26431969,33551074,10548997,X,0,1,"
        ",1,1,1,FORMER TRUSTEE,0.00,0.00,X,21251,0,0,X,X,X,X,"
          ","
          ",PROVIDED CONSULTING SERVICES,1398718,561000,317414685,93267969,170952506,0,12036114,-3176,15068076,290982716,722482951,815542079,X,0,0,0,37896898,20915867,20915867,20843295,72572,"
        ","
        ","
        ",43981884,"
        ",42885260,841928,"
        ",138015603,107974998,87812420,42885260,99313,"
        ",0,9,0,0,0,4956182,0,4956182,1,0,1,0,0,0,"CENTRAL AMERICA AND THE CARIBBEAN - ANTIGUA & BARBUDA, ARUBA, BAHAMAS,",0,INVESTMENTS,SUBSCRIPTIONS,4281241,1,63,6,"
        ","
          ",620476822,501(C)(3),215474,GRANT TO DEVELOP PROGRAMS TO ACCELERATE CHANGE IN MEDICAL EDUCATION.,1350,"FORM 990, PART XI, LINE 9:","EQUITY IN EARNINGS OF SUBSIDIARY -229,812. DEFINED BENEFIT POSTRETIREMENT PLANS OTHER THAN EXPENSE 11,204,689. EQUITY IN LOSS OF ADAM STREET 1847 FUND LP -425,880.",X,X,1,1,X,X,X,X,0,1,0,"
        ",0,0,0,0,21251,0,0,0,0,0,21251,0,21251,0,"
        ",1,1,0,0,0,1,0,0,0,0,0,1,0,0,0,0,1,1,0,"
        ","
          ",INVESTING,C,349828,4638870,0.99980,1,N/A,"
          ",CJ,CJ,"
          ",R,3150000,COST/FAIR MARKET VALUE,,,,,,,,,,,,,,,,,,,,,,,,,,,,,,,,
