,A,ReturnHeader,ReturnData,Timestamp,TaxPeriodEndDate,PreparerFirm,ReturnType,TaxPeriodBeginDate,Filer,Officer,Preparer,TaxYear,BuildTS,EIN,PreparerFirmBusinessName,PreparerFirmUSAddress,BusinessNameLine1,AddressLine1,City,State,ZIPCode,Name,NameControl,Phone,USAddress,BusinessNameLine2,Title,DateSigned,AuthorizeThirdParty,PTIN,IRS990,IRS990ScheduleA,IRS990ScheduleD,IRS990ScheduleJ,IRS990ScheduleL,IRS990ScheduleO,NameOfPrincipalOfficerPerson,AddressPrincipalOfficerUS,GrossReceipts,GroupReturnForAffiliates,Organization501c3,WebSite,TypeOfOrganizationCorporation,YearFormation,StateLegalDomicile,ActivityOrMissionDescription,NbrVotingMembersGoverningBody,NbrIndependentVotingMembers,TotalNbrEmployees,TotalNbrVolunteers,TotalGrossUBI,NetUnrelatedBusinessTxblIncome,ContributionsGrantsPriorYear,ContributionsGrantsCurrentYear,ProgramServiceRevenuePriorYear,ProgramServiceRevenueCY,InvestmentIncomePriorYear,InvestmentIncomeCurrentYear,OtherRevenuePriorYear,OtherRevenueCurrentYear,TotalRevenuePriorYear,TotalRevenueCurrentYear,GrantsAndSimilarAmntsPriorYear,GrantsAndSimilarAmntsCY,BenefitsPaidToMembersPriorYear,BenefitsPaidToMembersCY,SalariesEtcPriorYear,SalariesEtcCurrentYear,TotalProfFundrsngExpPriorYear,TotalProfFundrsngExpCY,TotalFundrsngExpCurrentYear,OtherExpensePriorYear,OtherExpensesCurrentYear,TotalExpensesPriorYear,TotalExpensesCurrentYear,RevenuesLessExpensesPriorYear,RevenuesLessExpensesCY,TotalAssetsBOY,TotalAssetsEOY,TotalLiabilitiesBOY,TotalLiabilitiesEOY,NetAssetsOrFundBalancesBOY,NetAssetsOrFundBalancesEOY,MissionDescription,SignificantNewProgramServices,SignificantChange,Expense,Revenue,Description,Activity2,Activity3,TotalProgramServiceExpense,DescribedIn501C3,ScheduleBRequired,PoliticalActivities,LobbyingActivities,SubjectToProxyTax,DonorAdvisedFunds,ConservationEasements,CollectionsOfArt,CreditCounseling,TermOrPermanentEndowments,ReportLandBldgEquip,ReportInvestOthSecurities,ReportProgRelInvest,ReportOtherAssets,ReportOtherLiabilities,ReportFin48Footnote,IndependentAuditFinancialStmt,ConsolidatedAuditFinancialStmt,School,ForeignOffice,ForeignActivities,MoreThan5000KToOrganizations,MoreThan5000KToIndividuals,ProfessionalFundraising,FundraisingActivities,Gaming,Hospital,GrantsToOrganizations,GrantsToIndividuals,ScheduleJRequired,TaxExemptBonds,ExcessBenefitTransaction,PriorExcessBenefitTransaction,LoanToOfficerOrDQP,GrantToRelatedPerson,BsnssRltnshpWithOrganization,BsnssRltnshpThruFamilyMember,OfficerEntityWithBsnssRltnshp,DeductibleNonCashContributions,DeductibleContributionsOfArt,Terminated,PartialLiquidation,DisregardedEntity,RelatedEntity,RelatedOrgControlledEntity,TransfersToExemptNonChrtblOrg,ActivitiesConductedPartnership,ScheduleORequired,NumberFormsTransmittedWith1096,NumberW2GIncluded,ComplianceWithBackupWitholding,NumberOfEmployees,EmploymentTaxReturnsFiled,UnrelatedBusinessIncome,ForeignFinancialAccount,ProhibitedTaxShelterTrans,TaxablePartyNotification,NonDeductibleContributions,QuidProQuoContributions,Form8282PropertyDisposedOf,FundsToPayPremiums,PremiumsPaid,IndoorTanningServices,InfoInScheduleOPartVI,NbrVotingGoverningBodyMembers,NumberIndependentVotingMembers,FamilyOrBusinessRelationship,DelegationOfManagementDuties,ChangesToOrganizingDocs,MaterialDiversionOrMisuse,MembersOrStockholders,ElectionOfBoardMembers,DecisionsSubjectToApproval,MinutesOfGoverningBody,MinutesOfCommittees,OfficerMailingAddress,LocalChapters,Form990ProvidedToGoverningBody,ConflictOfInterestPolicy,AnnualDisclosureCoveredPersons,RegularMonitoringEnforcement,WhistleblowerPolicy,DocumentRetentionPolicy,CompensationProcessCEO,CompensationProcessOther,InvestmentInJointVenture,StatesWhereCopyOfReturnIsFiled,UponRequest,TheBooksAreInCareOf,Form990PartVIISectionA,TotalReportableCompFromOrg,TotalReportableCompFrmRltdOrgs,TotalOtherCompensation,NumberIndividualsGT100K,FormersListed,TotalCompGT150K,CompensationFromOtherSources,ContractorCompensation,NumberOfContractorsGT100K,ProgramServiceRevenue,TotalProgramServiceRevenue,InvestmentIncome,GrossAmountSalesAssets,LessCostOthBasisSalesExpenses,GainOrLoss,NetGainOrLossInvestments,OtherRevenueMisc,TotalOtherRevenue,TotalRevenue,CompCurrentOfficersDirectors,OtherSalariesAndWages,OtherEmployeeBenefits,PayrollTaxes,FeesForServicesManagement,FeesForServicesLegal,FeesForServicesAccounting,FeesForServicesOther,Advertising,OfficeExpenses,InformationTechnology,Occupancy,Travel,ConferencesMeetings,DepreciationDepletion,Insurance,OtherExpenses,TotalFunctionalExpenses,CashNonInterestBearing,SavingsAndTempCashInvestments,AccountsReceivable,PrepaidExpensesDeferredCharges,LandBuildingsEquipmentBasis,LandBldgEquipmentAccumDeprec,LandBuildingsEquipmentBasisNet,InvestmentsPubTradedSecurities,OtherAssetsTotal,TotalAssets,AccountsPayableAccruedExpenses,DeferredRevenue,TotalLiabilities,FollowSFAS117,UnrestrictedNetAssets,TotalNetAssetsFundBalances,TotalLiabNetAssetsFundBalances,ReconcilationRevenueExpenses,ReconciliationUnrealizedInvest,ReconcilationOtherChanges,InfoInScheduleOPartXII,MethodOfAccountingAccrual,AccountantCompileOrReview,FSAudited,FSAuditedBasis,AuditCommittee,FederalGrantAuditRequired,NameBusiness,TelephoneNumber,AddressUS,NamePerson,AverageHoursPerWeek,IndividualTrusteeOrDirector,ReportableCompFromOrganization,ReportableCompFromRelatedOrgs,OtherCompensation,KeyEmployee,HighestCompensatedEmployee,NameOfContractor,AddressOfContractor,DescriptionOfServices,Compensation,BusinessCode,TotalRevenueColumn,RelatedOrExemptFunctionIncome,ExclusionAmount,Securities,Other,UnrelatedBusinessRevenue,Total,ProgramServices,ManagementAndGeneral,Fundraising,BOY,EOY,FinancialStatementSeparate,PubliclySupportedOrg509a2,GrossReceiptsFromAdmissions,Total509,AmtsRecdFromDisqualPersons,AmtsFromSubstContributors,SupportFromDQPsEtc,PublicSupportTotal509,GrossInvestmentIncome509,InvestmentIncomeAndUBTI,OtherIncome509,TotalSupportTotal,PublicSupportPercentage509,PriorYearSupportPercentage,InvestmentIncomePercentage,PriorYrInvestIncomePercentage,ThirtyThreePercntTestsCY509,CurrentTaxYearMinus4Years,CurrentTaxYearMinus3Years,CurrentTaxYearMinus2Years,CurrentTaxYearMinus1Year,CurrentTaxYear,Equipment,TotalOfBookValueLandBuildings,FootnoteInPartXIII,TotRevenueEtcAuditedFinclStmt,NetUnrealizedGainsInvestments,RevenueNotRptdF990,RevenueSubtotal,RevenueNotRptdOnFinStmt,TotalRevenuePerForm990,TotExpensesEtcAuditedFinclStmt,ExpensesNotRptdF990,ExpensesSubtotal,ExpensesNotRptdOnFinStmt,TotalExpensesPerForm990,Form990ScheduleDPartXIII,OtherCostOrOtherBasis,Depreciation,BookValue,Identifier,ReturnReference,Explanation,Form990OfOtherOrganizations,WrittenEmploymentContract,CompensationSurvey,BoardOrCommitteeApproval,SeverancePayment,SupplementalNonqualRetirePlan,EquityBasedCompArrangement,CompBasedOnRevenueOfFilingOrg,CompBasedOnRevenueRelatedOrgs,CompBasedNetEarningsFilingOrg,CompBasedNetEarningsRelateOrgs,AnyNonFixedPayments,InitialContractException,Form990ScheduleJPartII,BaseCompensationFilingOrg,CompBasedOnRelatedOrgs,BonusFilingOrg,BonusRelatedOrgs,OtherCompensationFilingOrg,OtherCompensationRelatedOrgs,DeferredCompFilingOrg,DeferredCompRelatedOrgs,NontaxableBenefitsFilingOrg,NontaxableBenefitsRelatedOrgs,TotalCompensationFilingOrg,TotalCompensationRelatedOrgs,CompReportPrior990FilingOrg,CompReportPrior990RelatedOrgs,Form990ScheduleLPartIV,NameOfInterestedPerson,Relationship,AmountOfTransaction,DescriptionOfTransaction,SharingOfRevenues,GeneralExplanation,ReturnTs,TaxPeriodEndDt,PreparerFirmGrp,ReturnTypeCd,TaxPeriodBeginDt,BusinessOfficerGrp,PreparerPersonGrp,FilingSecurityInformation,TaxYr,PreparerFirmEIN,PreparerFirmName,PreparerUSAddress,BusinessNameLine1Txt,AddressLine1Txt,CityNm,StateAbbreviationCd,ZIPCd,BusinessName,BusinessNameControlTxt,PhoneNum,BusinessNameLine2Txt,PersonNm,PersonTitleTxt,SignatureDt,DiscussWithPaidPreparerInd,PreparerPersonNm,PreparationDt,IPAddress,IPDt,IPTm,IPTimezoneCd,FilingLicenseTypeCd,AtSubmissionCreationDeviceId,AtSubmissionFilingDeviceId,IPv4AddressTxt,PrincipalOfficerNm,GrossReceiptsAmt,GroupReturnForAffiliatesInd,Organization501c3Ind,WebsiteAddressTxt,TypeOfOrganizationCorpInd,FormationYr,LegalDomicileStateCd,ActivityOrMissionDesc,VotingMembersGoverningBodyCnt,VotingMembersIndependentCnt,TotalEmployeeCnt,TotalVolunteersCnt,TotalGrossUBIAmt,NetUnrelatedBusTxblIncmAmt,PYContributionsGrantsAmt,CYContributionsGrantsAmt,PYProgramServiceRevenueAmt,CYProgramServiceRevenueAmt,PYInvestmentIncomeAmt,CYInvestmentIncomeAmt,PYOtherRevenueAmt,CYOtherRevenueAmt,PYTotalRevenueAmt,CYTotalRevenueAmt,PYGrantsAndSimilarPaidAmt,CYGrantsAndSimilarPaidAmt,PYBenefitsPaidToMembersAmt,CYBenefitsPaidToMembersAmt,PYSalariesCompEmpBnftPaidAmt,CYSalariesCompEmpBnftPaidAmt,PYTotalProfFndrsngExpnsAmt,CYTotalProfFndrsngExpnsAmt,CYTotalFundraisingExpenseAmt,PYOtherExpensesAmt,CYOtherExpensesAmt,PYTotalExpensesAmt,CYTotalExpensesAmt,PYRevenuesLessExpensesAmt,CYRevenuesLessExpensesAmt,TotalAssetsBOYAmt,TotalAssetsEOYAmt,TotalLiabilitiesBOYAmt,TotalLiabilitiesEOYAmt,NetAssetsOrFundBalancesBOYAmt,NetAssetsOrFundBalancesEOYAmt,InfoInScheduleOPartIIIInd,MissionDesc,SignificantNewProgramSrvcInd,SignificantChangeInd,ExpenseAmt,RevenueAmt,Desc,ProgSrvcAccomActy2Grp,ProgSrvcAccomActy3Grp,ProgSrvcAccomActyOtherGrp,TotalOtherProgSrvcExpenseAmt,TotalOtherProgSrvcRevenueAmt,TotalProgramServiceExpensesAmt,DescribedInSection501c3Ind,ScheduleBRequiredInd,PoliticalCampaignActyInd,LobbyingActivitiesInd,SubjectToProxyTaxInd,DonorAdvisedFundInd,ConservationEasementsInd,CollectionsOfArtInd,CreditCounselingInd,TempOrPermanentEndowmentsInd,ReportLandBuildingEquipmentInd,ReportInvestmentsOtherSecInd,ReportProgramRelatedInvstInd,ReportOtherAssetsInd,ReportOtherLiabilitiesInd,IncludeFIN48FootnoteInd,IndependentAuditFinclStmtInd,ConsolidatedAuditFinclStmtInd,SchoolOperatingInd,ForeignOfficeInd,ForeignActivitiesInd,MoreThan5000KToOrgInd,MoreThan5000KToIndividualsInd,ProfessionalFundraisingInd,FundraisingActivitiesInd,GamingActivitiesInd,OperateHospitalInd,GrantsToOrganizationsInd,GrantsToIndividualsInd,ScheduleJRequiredInd,TaxExemptBondsInd,EngagedInExcessBenefitTransInd,PYExcessBenefitTransInd,LoanOutstandingInd,GrantToRelatedPersonInd,BusinessRlnWithOrgMemInd,BusinessRlnWithFamMemInd,BusinessRlnWithOfficerEntInd,DeductibleNonCashContriInd,DeductibleArtContributionInd,TerminateOperationsInd,PartialLiquidationInd,DisregardedEntityInd,RelatedEntityInd,RelatedOrganizationCtrlEntInd,TrnsfrExmptNonChrtblRltdOrgInd,ActivitiesConductedPrtshpInd,ScheduleORequiredInd,IRPDocumentCnt,IRPDocumentW2GCnt,BackupWthldComplianceInd,EmployeeCnt,EmploymentTaxReturnsFiledInd,UnrelatedBusIncmOverLimitInd,ForeignFinancialAccountInd,ProhibitedTaxShelterTransInd,TaxablePartyNotificationInd,NondeductibleContributionsInd,QuidProQuoContributionsInd,Form8282PropertyDisposedOfInd,RcvFndsToPayPrsnlBnftCntrctInd,PayPremiumsPrsnlBnftCntrctInd,IndoorTanningServicesInd,InfoInScheduleOPartVIInd,GoverningBodyVotingMembersCnt,IndependentVotingMemberCnt,FamilyOrBusinessRlnInd,DelegationOfMgmtDutiesInd,ChangeToOrgDocumentsInd,MaterialDiversionOrMisuseInd,MembersOrStockholdersInd,ElectionOfBoardMembersInd,DecisionsSubjectToApprovaInd,MinutesOfGoverningBodyInd,MinutesOfCommitteesInd,OfficerMailingAddressInd,LocalChaptersInd,Form990ProvidedToGvrnBodyInd,ConflictOfInterestPolicyInd,AnnualDisclosureCoveredPrsnInd,RegularMonitoringEnfrcInd,WhistleblowerPolicyInd,DocumentRetentionPolicyInd,CompensationProcessCEOInd,CompensationProcessOtherInd,InvestmentInJointVentureInd,StatesWhereCopyOfReturnIsFldCd,UponRequestInd,BooksInCareOfDetail,Form990PartVIISectionAGrp,TotalReportableCompFromOrgAmt,TotReportableCompRltdOrgAmt,TotalOtherCompensationAmt,IndivRcvdGreaterThan100KCnt,FormerOfcrEmployeesListedInd,TotalCompGreaterThan150KInd,CompensationFromOtherSrcsInd,ContractorCompensationGrp,CntrctRcvdGreaterThan100KCnt,ProgramServiceRevenueGrp,TotalProgramServiceRevenueAmt,InvestmentIncomeGrp,GrossAmountSalesAssetsGrp,LessCostOthBasisSalesExpnssGrp,GainOrLossGrp,NetGainOrLossInvestmentsGrp,OtherRevenueMiscGrp,OtherRevenueTotalAmt,TotalRevenueGrp,CompCurrentOfcrDirectorsGrp,OtherSalariesAndWagesGrp,PensionPlanContributionsGrp,OtherEmployeeBenefitsGrp,PayrollTaxesGrp,FeesForServicesManagementGrp,FeesForServicesLegalGrp,FeesForServicesAccountingGrp,FeesForServicesOtherGrp,AdvertisingGrp,OfficeExpensesGrp,InformationTechnologyGrp,OccupancyGrp,TravelGrp,ConferencesMeetingsGrp,DepreciationDepletionGrp,InsuranceGrp,OtherExpensesGrp,AllOtherExpensesGrp,TotalFunctionalExpensesGrp,CashNonInterestBearingGrp,SavingsAndTempCashInvstGrp,AccountsReceivableGrp,PrepaidExpensesDefrdChargesGrp,LandBldgEquipCostOrOtherBssAmt,LandBldgEquipAccumDeprecAmt,LandBldgEquipBasisNetGrp,InvestmentsPubTradedSecGrp,OtherAssetsTotalGrp,TotalAssetsGrp,AccountsPayableAccrExpnssGrp,DeferredRevenueGrp,OtherLiabilitiesGrp,TotalLiabilitiesGrp,OrganizationFollowsSFAS117Ind,UnrestrictedNetAssetsGrp,TotalNetAssetsFundBalanceGrp,TotLiabNetAssetsFundBalanceGrp,ReconcilationRevenueExpnssAmt,NetUnrlzdGainsLossesInvstAmt,OtherChangesInNetAssetsAmt,InfoInScheduleOPartXIIInd,MethodOfAccountingAccrualInd,AccountantCompileOrReviewInd,FSAuditedInd,FSAuditedBasisGrp,AuditCommitteeInd,FederalGrantAuditRequiredInd,TitleTxt,AverageHoursPerWeekRt,IndividualTrusteeOrDirectorInd,ReportableCompFromOrgAmt,ReportableCompFromRltdOrgAmt,OtherCompensationAmt,OfficerInd,HighestCompensatedEmployeeInd,ContractorName,ContractorAddress,ServicesDesc,CompensationAmt,BusinessCd,TotalRevenueColumnAmt,RelatedOrExemptFuncIncomeAmt,ExclusionAmt,SecuritiesAmt,UnrelatedBusinessRevenueAmt,TotalAmt,ProgramServicesAmt,ManagementAndGeneralAmt,FundraisingAmt,BOYAmt,EOYAmt,SeparateBasisFinclStmtInd,PubliclySupportedOrg509a2Ind,GiftsGrantsContrisRcvd509Grp,GrossReceiptsAdmissionsGrp,Total509Grp,AmountsRcvdDsqlfyPersonGrp,SubstantialContributorsAmtGrp,SubstAndDsqlfyPrsnsTotGrp,PublicSupportTotal509Amt,GrossInvestmentIncome509Grp,InvestmentIncomeAndUBTIGrp,OtherIncome509Grp,TotalSupportCalendarYearGrp,PublicSupportCY509Pct,PublicSupportPY509Pct,InvestmentIncomeCYPct,InvestmentIncomePYPct,ThirtyThrPctSuprtTestsCY509Ind,CurrentTaxYearMinus1YearAmt,CurrentTaxYearMinus4YearsAmt,CurrentTaxYearMinus3YearsAmt,CurrentTaxYearMinus2YearsAmt,CurrentTaxYearAmt,LeaseholdImprovementsGrp,EquipmentGrp,TotalBookValueLandBuildingsAmt,OtherLiabilitiesOrgGrp,TotalLiabilityAmt,FootnoteTextInd,TotalRevEtcAuditedFinclStmtAmt,NetUnrealizedGainsInvstAmt,RevenueNotReportedAmt,RevenueSubtotalAmt,RevenueNotReportedFinclStmtAmt,TotalRevenuePerForm990Amt,TotExpnsEtcAuditedFinclStmtAmt,ExpensesNotReportedAmt,ExpensesSubtotalAmt,ExpensesNotRptFinclStmtAmt,TotalExpensesPerForm990Amt,SupplementalInformationDetail,OtherCostOrOtherBasisAmt,DepreciationAmt,BookValueAmt,Amt,FormAndLineReferenceDesc,ExplanationTxt,CompensationCommitteeInd,Form990OfOtherOrganizationsInd,WrittenEmploymentContractInd,CompensationSurveyInd,BoardOrCommitteeApprovalInd,SeverancePaymentInd,SupplementalNonqualRtrPlanInd,EquityBasedCompArrngmInd,CompBasedOnRevenueOfFlngOrgInd,CompBsdOnRevRelatedOrgsInd,CompBsdNetEarnsFlngOrgInd,CompBsdNetEarnsRltdOrgsInd,AnyNonFixedPaymentsInd,InitialContractExceptionInd,RltdOrgOfficerTrstKeyEmplGrp,BaseCompensationFilingOrgAmt,CompensationBasedOnRltdOrgsAmt,BonusFilingOrganizationAmount,BonusRelatedOrganizationsAmt,OtherCompensationFilingOrgAmt,OtherCompensationRltdOrgsAmt,DeferredCompensationFlngOrgAmt,DeferredCompRltdOrgsAmt,NontaxableBenefitsFilingOrgAmt,NontaxableBenefitsRltdOrgsAmt,TotalCompensationFilingOrgAmt,TotalCompensationRltdOrgsAmt,CompReportPrior990FilingOrgAmt,CompReportPrior990RltdOrgsAmt,BusTrInvolveInterestedPrsnGrp,NameOfInterested,RelationshipDescriptionTxt,TransactionAmt,TransactionDesc,SharingOfRevenuesInd,OtherAmt,TransactionRelatedEntity,PensionPlanContributions,AllOtherExpenses,PledgesAndGrantsReceivable,InfoInScheduleOPartXI,TotalExpenses,ExcessOrDeficitForYear,NetUnrealizedGLOnInvestments,TotalAdjustments,ExcessOrDeficitPerFS,Form990ScheduleDPartXIV,AddressLine2,DatePrepared,IRS990ScheduleI,Grants,GrantsToDomesticOrgs,FeesForServicesInvstMgmntFees,FinancialStatementConsolidated,DisclosedOrgsLegalControl,DisclosedForCharitablePurposes,WrittenPolicyMonitoring,Sect170hRequirementsSatisfied,SolicitedAssetsForSale,AgentTrusteeEtc,IncludedOnFS,EndowmentsHeldByUnrelatedOrgs,EndowmentsHeldByRelatedOrgs,AreRelatedOrgsListedScheduleR,LeaseholdImprovements,RecordsMaintained,RecipientTable,TotalNbrOf501C3AndGovtGrants,Form990ScheduleIPartIV,RecipientNameBusiness,EINOfRecipient,IRCSection,AmountOfCashGrant,PurposeOfGrant,SubjToTaxRmnrtnExPrchtPymtInd,SubjectToExcsTaxNetInvstIncInd,KeyEmployeeInd,IRS990ScheduleB,AllOtherContributionsAmt,TotalContributionsAmt,ContributorInformationGrp,ContributorNum,ContributorBusinessName,ContributorUSAddress
0,,,,,,,,,,,,,,,,,,,,,,,,,,,,,,,,,,,,,,,,,,,,,,,,,,,,,,,,,,,,,,,,,,,,,,,,,,,,,,,,,,,,,,,,,,,,,,,,,,,,,,,,,,,,,,,,,,,,,,,,,,,,,,,,,,,,,,,,,,,,,,,,,,,,,,,,,,,,,,,,,,,,,,,,,,,,,,,,,,,,,,,,,,,,,,,,,,,,,,,,,,,,,,,,,,,,,,,,,,,,,,,,,,,,,,,,,,,,,,,,,,,,,,,,,,,,,,,,,,,,,,,,,,,,,,,,,,,,,,,,,,,,,,,,,,,,,,,,,,,,,,,,,,,,,,,,,,,,,,,,,,,,,,,,,,,,,,,,,,,,,,,,,,,,,,,,,,,,,,,,,,,,,,,,,,,,,,,,,,,,,,,,,,,,,,,,,,,,,,,,,,,,,,,,,,,,,,,,,,,,,,,,,,,,,,,,,,,,,,,,,,,,,,,,,,,,,,,,,,,,,,,,,,,,,,,,,,,,,,,,,,,,,,,,,,,,,,,,,,,,,,,,,,,,,,,,,,,,,,,,,,,,,,,,,,,,,,,,,,,,,,,,,,,,,,,,,,,,,,,,,,,,,,,,,,,,,,,,,,,,,,,,,,,,,,,,,,,,,,,,,,,,,,,,,,,,,,,,,,,,,,,,,,,,,,,,,,,,,,,,,,,,,,,,,,,,,,,,,,,,,,,,,,,,,,,,,,,,,,,,,,,,,,,,,,,,,,,,,,,,,,,,,,,,,,,,,,,,,,,,,,,,,,,,,,,,,,,,,,,,,,,,,,,,,,,,,,,,,,
2011,,"
    ","
    ",2011-08-10T15:18:52-05:00,2010-12-31,"
      ",990,2010-01-01,"
      ",X,"
      ",2010,2016-02-24 21:20:13Z,364135679,"
        ","
        ",IAMRA,400 FULLER WISER ROAD SUITE 300,EULESS,TX,76039,DIRK T AHLBECK,NATI,8478244000,"
        ",MEDICAL EXAMINERS INC,DIRECTOR RES,2011-05-04,true,,"
      ","
      ","
      ","
      ",,"
      ",JOHN GIMPEL DO,"
        ",22774397,false,X,WWW.NBOME.ORG,X,1996,IN,TO PROTECT THE PUBLIC BY PROVIDING THE MEANS TO ASSESS COMPETENCIES FOR OSTEOPATHIC MEDICINE AND RELATED HEALTH CARE PROFESSIONS. SEE PART III FOR ADDITIONAL INFORMATION.,21,17,138,600,0,,,0,12815258,14571525,120820,216511,20991,7740,12957069,14795776,10000,12500,,0,5342704,6402115,,0,0,6014590,7139356,11367294,13553971,1589775,1241805,16490149,20059004,6123249,8370200,10366900,11688804,TO PROTECT THE PUBLIC BY PROVIDING THE MEANS TO ASSESS COMPETENCIES FOR OSTEOPATHIC MEDICINE AND RELATED HEALTH CARE PROFESSIONS. SEE PART III FOR ADDITIONAL INFORMATION.,false,false,237039,422587,CASE DEVELOPMENT,"
        ","
        ",11851960,true,false,false,false,false,false,false,false,false,false,true,false,false,false,false,true,true,false,false,false,false,false,false,false,false,false,false,true,false,true,false,false,false,false,false,false,false,false,false,false,false,false,false,false,false,false,false,true,144,0,,138,true,false,false,false,false,false,false,false,false,false,false,X,21,17,false,false,false,false,false,false,false,true,true,false,false,true,true,true,true,true,true,true,true,false,IL,X,"
        ","
        ",1691581,,267333,9,false,true,false,"
        ",3,"
        ",14571525,"
        ","
        ","
        ","
        ","
        ","
        ",7740,14795776,"
        ","
        ","
        ","
        ",,"
        ","
        ","
        ","
        ","
        ","
        ","
        ","
        ","
        ","
        ","
        ","
        ","
        ","
        ","
        ","
        ","
        ",3869501,2191506,"
        ","
        ","
        ","
        ","
        ","
        ","
        ",X,"
        ","
        ","
        ",1241805,,80099,,X,false,true,,true,false,"
            ",7737140622,"
          ",JEANNE SANDELLA,40.00,X,104326,0,23240,X,X,"
          ","
          ",LEGAL,105272,900099,14795776,14571525,224251,38312,-974,,60981238,11851960,1702011,0,16490149,20059004,,X,"
        ","
        ",,"
        ","
        ",59089577,"
        ","
        ","
        ","
        ",0.96900,0.96920,0.02000,0.02000,X,9485762,11466763,12319488,12950787,14758438,"
        ",1677995,,14875875,80099,80099,14795776,,14795776,13553971,,13553971,,13553971,,3538015,2023338,1514677,OTHER CHANGES IN NET ASSETS EXPLANATION,"FORM 990, PART XI, LINE 5","UNREALIZED GAIN ON INVESTMENTS 80,099",X,X,X,X,false,false,false,false,false,false,false,false,false,"
        ",150083,,750,,,,10688,,22530,,184051,,,,,,,,,,"
        ",,,,,,,,,,,,,,,,,,,,,,,,,,,,,,,,,,,,,,,,,,,,,,,,,,,,,,,,,,,,,,,,,,,,,,,,,,,,,,,,,,,,,,,,,,,,,,,,,,,,,,,,,,,,,,,,,,,,,,,,,,,,,,,,,,,,,,,,,,,,,,,,,,,,,,,,,,,,,,,,,,,,,,,,,,,,,,,,,,,,,,,,,,,,,,,,,,,,,,,,,,,,,,,,,,,,,,,,,,,,,,,,,,,,,,,,,,,,,,,,,,,,,,,,,,,,,,,,,,,,,,,,,,,,,,,,,,,,,,,,,,,,,,,,,,,,,,,,,,,,,,,,,,,,,,,,,,,,,,,,,,,,,,,,,,,,,,,,,,,,,,,,,,,,,,,,,,,,,,,false,"
        ","
        ",,X,13553971,1241805,80099,80099,1321904,"
        ",ROOM/SUITE 200,2011-08-08,"
      ",12500,"
        ","
        ",X,false,false,false,false,false,false,false,false,false,false,"
        ",true,"
        ",2,"
        ","
          ",202188876,3,7500,SEE PART IV,,,,,,,,,,
2012,,"
    ","
    ",2012-10-09T12:26:38-05:00,2011-12-31,"
      ",990,2011-01-01,"
      ",X,"
      ",2011,2016-02-24 21:20:13Z,364135679,"
        ","
        ",MACK & ASSOCIATES,100 N LASALLE SUITE 2110,CHICAGO,IL,60602,RANDALL S SYLVAN,NATI,8475971800,"
        ",EXAMINERS INC,DIRECTOR REASEARCH,2012-10-03,1,P00143321,"
      ","
      ","
      ","
      ","
      ","
      ",JOHN GIMPEL DO,"
        ",31622326,0,X,WWW.NBOME.ORG,X,1996,IN,TO PROTECT THE PUBLIC BY ASSESSING COMPETENCIES FOR OSTEOPATHIC MEDICINE.,22,20,165,622,0,0,0,0,14571525,16025585,216511,357529,7740,102383,14795776,16485497,12500,0,0,0,6402115,7689759,0,0,0,7139356,8295193,13553971,15984952,1241805,500545,20059004,21432002,8370200,9405063,11688804,12026939,TO PROTECT THE PUBLIC BY PROVIDING THE MEANS TO ASSESS COMPETENCIES FOR OSTEOPATHIC MEDICINE AND RELATD HEALTH CARE PROFESSIONS.,0,0,544930,846816,CREDIT,"
        ","
        ",14090743,1,0,0,0,0,0,0,0,0,0,1,1,0,0,0,1,1,0,0,0,0,0,0,0,0,0,0,0,0,1,0,0,0,0,0,0,1,0,0,0,0,0,0,0,0,0,0,1,159,0,,165,1,0,0,0,0,0,0,0,0,0,0,X,22,20,0,0,0,0,0,0,0,1,1,0,0,1,1,1,1,1,1,1,0,0,IL,X,"
        ","
        ",1979836,0,281922,11,0,1,0,"
        ",8,"
        ",16025585,"
        ","
        ","
        ","
        ","
        ","
        ",102383,16485497,"
        ","
        ","
        ","
        ",,"
        ","
        ","
        ","
        ","
        ","
        ","
        ","
        ","
        ","
        ","
        ","
        ","
        ","
        ","
        ","
        ","
        ",5125800,2610116,"
        ","
        ","
        ","
        ","
        ","
        ","
        ",X,"
        ","
        ","
        ",500545,,-162410,,X,0,1,,1,0,"
            ",7737140622,"
            ",MELISSA TURNER,37.50,X,109704,0,22832,X,X,"
          ","
          ",EMPLOYMENT AGENCY,129011,561000,16485497,16025585,459912,70251,-22356,0,67933078,14090743,1894209,0,20059004,21432002,X,X,"
        ","
        ","
        ","
        ","
        ",65990988,"
        ","
        ","
        ","
        ",0.97140,0.96900,0.01960,0.02000,X,11466763,12319488,12950787,14758438,16437602,"
        ",2515684,,16323087,-162410,-162410,16485497,0,16485497,15984952,0,15984952,0,15984952,,5125800,2610116,2515684,CHANGES IN NET ASSETS OR FUND BALANCES:,"FORM 990, PART XI, LINE 5:","NET UNREALIZED LOSSES ON INVESTMENTS: -162,410.",X,X,X,X,0,0,0,0,0,0,0,0,0,"
        ",185030,0,0,0,0,0,0,0,14514,0,199544,0,0,0,"
        ","
          ",SPOUSE OF OFFICER,74732,COMPENSATION AS EMPLOYEE.,0,"
        ",,,,,,,,,,,,,,,,,,,,,,,,,,,,,,,,,,,,,,,,,,,,,,,,,,,,,,,,,,,,,,,,,,,,,,,,,,,,,,,,,,,,,,,,,,,,,,,,,,,,,,,,,,,,,,,,,,,,,,,,,,,,,,,,,,,,,,,,,,,,,,,,,,,,,,,,,,,,,,,,,,,,,,,,,,,,,,,,,,,,,,,,,,,,,,,,,,,,,,,,,,,,,,,,,,,,,,,,,,,,,,,,,,,,,,,,,,,,,,,,,,,,,,,,,,,,,,,,,,,,,,,,,,,,,,,,,,,,,,,,,,,,,,,,,,,,,,,,,,,,,,,,,,,,,,,,,,,,,,,,,,,,,,,,,,,,,,,,,,,,,,,,,,,,,,,,,,,,,,,0,"
        ","
        ","
        ",X,15984952,500545,-162410,-162410,338135,"
        ",,,,,,,,,,,,,,,,,,,,,,,,,,,,,,,,,,,,,
2013,,"
    ","
    ",2013-09-25T13:59:27-05:00,2012-12-31,"
      ",990,2012-01-01,"
      ",X,"
      ",2012,2016-02-24 21:20:13Z,364135679,"
        ","
        ",MORGAN WEST,PO BOX 72284,ROSELLE,IL,60172,GREGORY S ADAMS,NATI,6305738600,"
        ",EXAMINERS INC,ASST VP FOR HR,2013-09-12,1,P00095597,"
      ","
      ","
      ","
      ","
      ","
      ",JOHN GIMPEL DO,"
        ",30529296,0,X,WWW.NBOME.ORG,X,1996,IN,TO PROTECT THE PUBLIC BY ASSESSING COMPETENCIES FOR OSTEOPATHIC MEDICINE.,22,20,181,660,0,0,0,0,16025585,18054232,357529,452437,102383,211470,16485497,18718139,0,0,0,0,7689759,8654807,0,0,0,8295193,9271900,15984952,17926707,500545,791432,21432002,24003226,9405063,11143777,12026939,12859449,TO PROTECT THE PUBLIC BY PROVIDING THE MEANS TO ASSESS COMPETENCIES FOR OSTEOPATHIC MEDICINE AND RELATED HEALTH CARE PROFESSIONS.,0,0,801001,897263,MISC. EXPENSES,"
        ","
        ",16020016,1,0,0,0,0,0,0,0,0,0,1,0,0,0,0,1,1,0,0,0,0,0,0,0,0,0,0,0,0,1,0,0,0,0,0,0,1,0,0,0,0,0,0,0,0,0,0,1,220,0,1,181,1,0,0,0,0,0,0,0,0,0,0,X,22,20,1,0,0,0,0,0,0,1,1,0,0,1,1,1,1,1,1,1,0,0,IL,X,"
        ","
        ",1594723,0,175302,12,0,1,0,"
        ",5,"
        ",18054232,"
        ","
        ","
        ","
        ","
        ","
        ",211470,"
        ","
        ","
        ","
        ","
        ","
        ","
        ","
        ","
        ","
        ","
        ","
        ","
        ","
        ","
        ","
        ","
        ","
        ","
        ","
        ","
        ","
        ","
        ",6058618,3429297,"
        ","
        ","
        ","
        ","
        ","
        ","
        ",X,"
        ","
        ","
        ",791432,41078,0,X,X,0,1,"
        ",1,0,"
            ",7737140622,"
            ",MELISSA TURNER,37.50,X,114865,0,19072,X,X,"
          ","
          ",SOFWARE DEVELOPMENT COSULTANTS,129665,561000,18718139,18054232,663907,164217,-5575,0,75025812,16020016,1906691,0,21432002,24003226,X,X,"
        ","
        ","
        ","
        ","
        ",73062895,"
        ","
        ","
        ","
        ",0.97380,0.97140,0.01540,0.01960,X,12319488,12950787,14758438,16437602,18559497,"
        ",2629321,X,18759217,41078,41078,18718139,0,18718139,17926707,0,17926707,0,17926707,"
        ",6058618,3429297,2629321,DESCRIPTION OF UNCERTAIN TAX POSITIONS UNDER FIN 48:,"FORM 990, PART XII, LINE 2C:",THERE HAS BEEN NO CHANGES TO THE OVERSIGHT OR SELECTION PROCESSES FOR THE INDEPENDENT ACCOUNTANT FROM PRIOR YEAR PRACTICES.,X,X,X,X,0,0,0,0,0,0,0,0,0,"
        ",125713,0,1000,0,0,0,8256,0,15378,0,150347,0,0,0,"
        ","
          ",SPOUSE OF OFFICER,74733,COMPENSATION AS EMPLOYEE.,0,"
        ",,,,,,,,,,,,,,,,,,,,,,,,,,,,,,,,,,,,,,,,,,,,,,,,,,,,,,,,,,,,,,,,,,,,,,,,,,,,,,,,,,,,,,,,,,,,,,,,,,,,,,,,,,,,,,,,,,,,,,,,,,,,,,,,,,,,,,,,,,,,,,,,,,,,,,,,,,,,,,,,,,,,,,,,,,,,,,,,,,,,,,,,,,,,,,,,,,,,,,,,,,,,,,,,,,,,,,,,,,,,,,,,,,,,,,,,,,,,,,,,,,,,,,,,,,,,,,,,,,,,,,,,,,,,,,,,,,,,,,,,,,,,,,,,,,,,,,,,,,,,,,,,,,,,,,,,,,,,,,,,,,,,,,,,,,,,,,,,,,,,,,,,,,,,,,,,,,,,,,,,,,,,,,,,,,,,,,,,,,,,,,,,,,,,,,,,,,,,,,,,,,,,,,
2014,,"
    ","
    ",,,,,,"
      ",,,,2015-11-30 17:44:51Z,364135679,,,KFORCE INC,PO BOX 277997,ATLANTA,GA,30384,,,,"
            ",EXAMINERS INC,,,,P00095597,"
      ","
      ","
      ","
      ","
      ","
      ",,,,,,,,,,,,,,,,,,,,,,,,,,,,,,,,,,,,,,,,,,,,,,,,,,,,,,,,,,,,,,,,,,,,,,,,,,,,,,,,,,,,,,,,,,,,,,,,,,,,,,,,,,,,,,,,,,,,,,,,,,,,,,,,,,,,,,,,,,,,,,,,,,,,,,,,,,,,,,,,,,,,,,,,,,,,,,,,,,,,,,,,,,,,,,,,,,,,,,,,,,,,,,,,,,,,,,,,,,,,,,,,,,,,,,,,,,,,,,,,,,,,,,,,,,,,,,,,,,,,,,,,,,,,,,,,,,,,,,,,,,,,,,,,,,,,,,,,,,,,,,,,,,,,,,,,,,,,,2014-10-09T14:15:21-05:00,2013-12-31,"
      ",990,2013-01-01,"
      ","
      ",,2013,410746749,"
        ","
        ",,,,,,"
            ",NATI,7737140622,,KATE NATTER,VP FOR FINANCE,2014-10-03,1,GREGORY S ADAMS,,,,,,,,,,JOHN GIMPEL DO,31887698,0,X,WWW.NBOME.ORG,X,1996,IN,TO PROTECT THE PUBLIC BY ASSESSING COMPETENCIES FOR OSTEOPATHIC MEDICINE.,21,0,195,917,0,0,0,0,18054232,19953103,452437,425392,211470,276449,18718139,20654944,0,0,0,0,8654807,9487137,0,0,0,9271900,10143653,17926707,19630790,791432,1024154,24003226,26589953,11143777,12591129,12859449,13998824,,TO PROTECT THE PUBLIC BY PROVIDING THE MEANS TO ASSESS COMPETENCIES FOR OSTEOPATHIC MEDICINE AND RELATED HEALTH CARE PROFESSIONS.,0,0,883860,1057335,MISC. EXPENSES,"
        ","
        ",,,,17677203,1,0,0,0,0,0,0,0,0,0,1,0,0,0,0,0,1,0,0,0,0,0,0,0,0,0,0,0,0,1,0,0,0,0,0,0,1,0,0,0,0,0,0,0,0,0,0,1,183,0,1,195,1,0,0,0,0,0,0,0,0,0,0,X,21,0,1,0,0,0,0,0,0,1,1,0,0,1,1,1,1,1,1,1,0,0,IL,X,"
        ","
        ",1841565,0,139423,15,0,1,0,"
        ",5,"
        ",19953103,"
        ","
        ","
        ","
        ","
        ","
        ",276449,"
        ","
        ","
        ",,"
        ","
        ","
        ","
        ","
        ","
        ","
        ","
        ","
        ","
        ","
        ","
        ","
        ","
        ","
        ",,"
        ","
        ","
        ","
        ","
        ",6420784,4226313,"
        ","
        ","
        ","
        ","
        ","
        ",,"
        ",X,"
        ","
        ","
        ",1024154,115221,0,X,X,0,1,"
        ",1,0,CHIEF PHYSICIAN TRAINER,37.50,X,140850,0,1302,X,X,"
          ","
          ","COMPUTER PROGRAMMING SERVICE, DATABASE D",308382,561000,20654944,19953103,701841,136908,0,83225639,17677203,1953587,0,24003226,26589953,X,X,,"
        ","
        ","
        ","
        ","
        ",80954169,"
        ","
        ","
        ","
        ",0.97270,0.97380,0.01430,0.01540,X,18559497,12950787,14758438,16437602,20519315,,"
        ",2194471,,,X,20770165,115221,115221,20654944,0,20654944,19630790,0,19630790,0,19630790,"
        ",6420784,4226313,2194471,,"FORM 990, PART XII, LINE 2C:",THERE HAS BEEN NO CHANGES TO THE OVERSIGHT OR SELECTION PROCESSES FOR THE INDEPENDENT ACCOUNTANT FROM PRIOR YEAR PRACTICES.,X,X,X,X,X,0,1,0,0,0,0,0,0,0,"
        ",165674,0,388,0,0,0,0,0,2231,0,168293,0,0,0,"
        ","
          ",SISTER OF OFFICER,51629,COMPENSATION AS EMPLOYEE.,0,-1279,,,,,,,,,,,,,,,,,,,,,,,,,,,,,,,,,,,,,,,,,,,,,,,,
2015,,"
    ","
    ",,,,,,"
      ",,,,2016-02-25 16:41:14Z,364135679,,,,,,,,,,,"
            ",,,,,P00095597,"
      ","
      ","
      ","
      ","
      ","
      ",,,,,,,,,,,,,,,,,,,,,,,,,,,,,,,,,,,,,,,,,,,,,,,,,,,,,,,,,,,,,,,,,,,,,,,,,,,,,,,,,,,,,,,,,,,,,,,,,,,,,,,,,,,,,,,,,,,,,,,,,,,,,,,,,,,,,,,,,,,,,,,,,,,,,,,,,,,,,,,,,,,,,,,,,,,,,,,,,,,,,,,,,,,,,,,,,,,,,,,,,,,,,,,,,,,,,,,,,,,,,,,,,,,,,,,,,,,,,,,,,,,,,,,,,,,,,,,,,,,,,,,,,,,,,,,,,,,,,,,,,,,,,,,,,,,,,,,,,,,,,,,,,,,,,,,,,,,,,2015-07-28T14:28:18-05:00,2014-12-31,"
      ",990,2014-01-01,"
      ","
      ",,2014,410746749,"
        ","
        ",INTERNET TESTING SYSTEMS,3000 CHESNUT AVE,BALTIMORE,MD,21211,"
            ",NATI,7737140622,EXAMINERS INC,KATE NATTER,VP FOR FINANCE/CFO,2015-07-28,1,GREGORY S ADAMS,,,,,,,,,,JOHN GIMPEL DO,40376625,0,X,WWW.NBOME.ORG,X,1996,IN,TO PROTECT THE PUBLIC BY ASSESSING COMPETENCIES FOR OSTEOPATHIC MEDICINE.,25,25,209,800,0,0,0,0,19953103,22074742,425392,821191,276449,381751,20654944,23277684,0,0,0,0,9487137,11100176,0,0,0,10143653,10452170,19630790,21552346,1024154,1725338,26589953,26085146,12591129,10981424,13998824,15103722,,TO PROTECT THE PUBLIC BY PROVIDING THE MEANS TO ASSESS COMPETENCIES FOR OSTEOPATHIC MEDICINE AND RELATED HEALTH CARE PROFESSIONS.,0,0,935741,1158810,MISC. EXPENSES,"
        ","
        ",,,,18714819,1,0,0,0,0,0,0,0,0,0,1,0,0,0,0,1,1,0,0,0,0,0,0,0,0,0,0,0,0,1,0,0,0,0,0,0,1,0,0,0,0,0,0,0,0,0,0,1,208,0,1,209,1,0,0,0,0,0,0,0,0,0,0,X,25,25,1,0,0,0,0,0,0,1,1,0,0,1,1,1,1,1,1,1,0,0,IL,X,"
        ","
        ",2138215,0,138166,11,0,1,0,"
        ",13,"
        ",22074742,"
        ","
        ","
        ","
        ","
        ","
        ",381751,"
        ","
        ","
        ",,"
        ","
        ","
        ","
        ","
        ","
        ","
        ","
        ","
        ","
        ","
        ","
        ","
        ","
        ","
        ",,"
        ","
        ","
        ","
        ","
        ",6280099,4922354,"
        ","
        ","
        ","
        ","
        ","
        ",,"
        ",X,"
        ","
        ","
        ",1725338,-620440,0,X,X,0,1,"
        ",1,0,DIRECTOR FOR IS,37.50,X,115195,0,3570,X,X,"
          ","
          ",EXAM WEB DELIVERY SERVICE,534518,561000,23277684,22074742,1202942,649885,0,92973938,18714819,2837527,0,26589953,26085146,X,X,,"
        ","
        ","
        ","
        ","
        ",90468729,"
        ","
        ","
        ","
        ",0.97310,0.97270,0.01410,0.01430,X,20519315,14758438,16437602,18559497,22699086,,"
        ",1357745,,,X,22657244,-620440,-620440,23277684,0,23277684,21552346,0,21552346,0,21552346,"
        ",6280099,4922354,1357745,,"FORM 990, PART XII, LINE 2C:",THERE HAVE BEEN NO CHANGES TO THE OVERSIGHT OR SELECTION PROCESSES FOR THE INDEPENDENT ACCOUNTANT FROM PRIOR YEAR PRACTICES.,X,X,X,X,X,0,1,0,0,0,0,0,0,0,"
        ",146783,0,750,0,0,0,0,0,2633,0,150166,0,0,0,"
        ","
          ",SISTER OF OFFICER,53405,COMPENSATION AS EMPLOYEE.,0,-71287,,,,,,,,,,,,,,,,,,,,,,,,,,,,,,,,,,,,,,,,,,,,,,,,
2016,,"
    ","
    ",,,,,,"
      ",,,,2016-12-15 16:53:06Z,364135679,,,,,,,,,,,"
            ",,,,,P00095597,"
      ","
      ","
      ","
      ","
      ","
      ",,,,,,,,,,,,,,,,,,,,,,,,,,,,,,,,,,,,,,,,,,,,,,,,,,,,,,,,,,,,,,,,,,,,,,,,,,,,,,,,,,,,,,,,,,,,,,,,,,,,,,,,,,,,,,,,,,,,,,,,,,,,,,,,,,,,,,,,,,,,,,,,,,,,,,,,,,,,,,,,,,,,,,,,,,,,,,,,,,,,,,,,,,,,,,,,,,,,,,,,,,,,,,,,,,,,,,,,,,,,,,,,,,,,,,,,,,,,,,,,,,,,,,,,,,,,,,,,,,,,,,,,,,,,,,,,,,,,,,,,,,,,,,,,,,,,,,,,,,,,,,,,,,,,,,,,,,,,,2016-08-15T00:00:00-05:00,2015-12-31,"
      ",990,2015-01-01,"
      ","
      ",,2015,410746749,"
        ","
        ",INTERNET TESTING SYSTEMS,3000 CHESNUT AVE,BALTIMORE,MD,21211,"
            ",NATI,7737140622,EXAMINERS INC,KATE NATTER,VP FOR FINANCE/CFO,2016-08-11,1,GREGORY S ADAMS,,,,,,,,,,JOHN GIMPEL DO,24243242,0,X,WWW.NBOME.ORG,X,1996,IN,TO PROTECT THE PUBLIC BY ASSESSING COMPETENCIES FOR OSTEOPATHIC MEDICINE.,25,25,210,800,0,0,0,0,22074742,23711127,821191,485556,381751,36092,23277684,24232775,0,0,0,0,11100176,12572847,0,0,0,10452170,10396619,21552346,22969466,1725338,1263309,26085146,32182795,10981424,16396720,15103722,15786075,X,TO PROTECT THE PUBLIC BY PROVIDING THE MEANS TO ASSESS COMPETENCIES FOR OSTEOPATHIC MEDICINE AND RELATED HEALTH CARE PROFESSIONS.,0,0,972636,28240,"DUES, SUBSCRIPTIONS AND","
        ","
        ","
        ",,28240,19452726,1,0,0,0,0,0,0,0,0,0,1,0,0,0,0,1,1,0,0,0,0,0,0,0,0,0,0,0,0,1,0,0,0,0,0,0,1,0,0,0,0,0,0,0,0,0,0,1,201,0,1,210,1,0,0,0,0,0,0,0,0,0,0,X,25,25,1,0,0,0,0,0,0,1,1,0,0,1,1,1,1,1,1,1,0,0,IL,X,"
        ","
        ",2297053,0,179545,11,0,1,0,"
        ",13,"
        ",23711127,"
        ","
        ","
        ","
        ","
        ","
        ",36092,"
        ","
        ","
        ","
        ","
        ","
        ","
        ","
        ","
        ","
        ","
        ","
        ","
        ","
        ","
        ","
        ","
        ","
        ","
        ","
        ","
        ","
        ","
        ","
        ","
        ",8534715,4274085,"
        ","
        ","
        ","
        ","
        ","
        ",,"
        ",X,"
        ","
        ","
        ",1263309,-580956,0,X,X,0,1,"
        ",1,0,DIRECTOR FOR IS,37.50,X,128141,0,8519,X,X,"
          ","
          ",EXAM WEB DELIVERY SERVICE,534518,561000,24232775,23711127,521648,281310,0,102143252,19452726,3516740,0,26085146,32182795,X,X,,"
        ","
        ","
        ","
        ","
        ",99790549,"
        ","
        ","
        ","
        ",0.97700,0.97310,0.01320,0.01410,X,22699086,16437602,18559497,20519315,23927752,,"
        ",4260630,,,X,23651819,-580956,-580956,24232775,0,24232775,22969466,0,22969466,0,22969466,"
        ",8534715,4274085,4260630,,"PART XII, LINE 2C","THE ORGANIZATION'S AUDIT COMMITTEE AND BOARD OF DIRECTORS ASSUMES RESPONSIBILITY FOR OVERSIGHT OF THE AUDIT OF ITS FINANCIAL STATEMENTS. PROPOSALS ARE REQUESTED AS DETERMINED NECESSARY, REVIEWED AND APPROVED BY GOVERNANCE.",X,X,X,X,X,0,1,0,0,0,0,0,0,0,"
        ",156579,0,750,0,0,0,0,0,7200,0,164529,0,0,0,"
        ","
          ",SISTER OF OFFICER,55264,COMPENSATION AS EMPLOYEE.,0,-4528,,,,,,,,,,,,,,,,,,,,,,,,,,,,,,,,,,,,,,,,,,,,,,,,
2017,,"
    ","
    ",,,,,,"
      ",,,,2017-02-10 21:41:12Z,364135679,,,RESTRICTED,RESTRICTED,RESTRICTED,RESTRICTED,RESTRICTED,,,,"
            ",,,,,P00095597,"
      ","
      ","
      ","
      ","
      ","
      ",,,,,,,,,,,,,,,,,,,,,,,,,,,,,,,,,,,,,,,,,,,,,,,,,,,,,,,,,,,,,,,,,,,,,,,,,,,,,,,,,,,,,,,,,,,,,,,,,,,,,,,,,,,,,,,,,,,,,,,,,,,,,,,,,,,,,,,,,,,,,,,,,,,,,,,,,,,,,,,,,,,,,,,,,,,,,,,,,,,,,,,,,,,,,,,,,,,,,,,,,,,,,,,,,,,,,,,,,,,,,,,,,,,,,,,,,,,,,,,,,,,,,,,,,,,,,,,,,,,,,,,,,,,,,,,,,,,,,,,,,,,,,,,,,,,,,,,,,,,,,,,,,,,,,,,,,,,,,2017-07-19T09:26:21-05:00,2016-12-31,"
      ",990,2016-01-01,"
      ","
      ","
      ",2016,410746749,"
        ","
        ",BRANDYWINE OPERATING PARTNERSHIP LP,555 E LANCASTER AVE,RADNOR,PA,19087,"
            ",NATI,7737140622,EXAMINERS INC,KATE NATTER,VP FOR FINANCE/CFO,2017-07-18,1,GREGORY S ADAMS,2017-07-18,"
        ",2017-07-18,13:08:14,CD,P,FAF439ABF6F5638E0B9C98036FA3C7EB9785A77F,07CFC8338AB533BF649A2BED41BB2CAEB54A9D32,67.137.57.251,JOHN GIMPEL DO,28103056,0,X,WWW.NBOME.ORG,X,1996,IN,TO PROTECT THE PUBLIC BY ASSESSING COMPETENCIES FOR OSTEOPATHIC MEDICINE.,23,23,274,900,0,0,0,30000,23711127,27444102,485556,448967,36092,12286,24232775,27935355,0,0,0,0,12572847,13953929,0,0,0,10396619,11976696,22969466,25930625,1263309,2004730,32182795,34312740,16396720,15848639,15786075,18464101,X,TO PROTECT THE PUBLIC BY PROVIDING THE MEANS TO ASSESS COMPETENCIES FOR OSTEOPATHIC MEDICINE AND RELATED HEALTH CARE PROFESSIONS.,0,0,1125568,24935,MISC. EXPENSES,"
        ","
        ","
        ",,24935,22511360,1,1,0,0,0,0,0,0,0,0,1,0,0,0,0,1,1,0,0,0,0,0,0,0,0,0,0,0,0,1,0,0,0,0,0,0,1,0,0,0,0,0,0,0,0,0,0,1,239,0,1,274,1,0,0,0,0,0,0,0,,,0,X,23,23,1,0,0,0,0,0,0,1,1,0,0,1,1,1,1,1,1,1,0,0,IL,X,"
        ","
        ",2245602,0,189692,23,0,1,0,"
        ",19,"
        ",27444102,"
        ","
        ","
        ","
        ","
        ","
        ",12286,"
        ","
        ","
        ","
        ","
        ","
        ","
        ","
        ","
        ","
        ","
        ","
        ","
        ","
        ","
        ","
        ","
        ","
        ","
        ","
        ","
        ","
        ","
        ","
        ","
        ",9696337,4533225,"
        ","
        ","
        ","
        ","
        ","
        ",,"
        ",X,"
        ","
        ","
        ",2004730,673296,0,X,X,0,1,"
        ",1,0,SR DIRECTOR QUALITY AND PATIENT SAFE,37.50,X,152345,0,11523,X,X,"
          ","
          ",LANDLORD,992756,561000,27935355,27444102,461253,174305,0,113470286,22511360,3419265,0,32182795,34312740,X,X,"
        ","
        ","
        ","
        ","
        ","
        ",111239066,"
        ","
        ","
        ","
        ",0.98030,0.97700,0.01160,0.01320,X,23927752,18559497,20519315,22699086,27764636,,"
        ",5163112,,,X,28608651,673296,673296,27935355,0,27935355,25930625,0,25930625,0,25930625,"
        ",9696337,4533225,5163112,,"FORM 990, PART XII, LINE 2C:","THE ORGANIZATION'S AUDIT COMMITTEE AND BOARD OF DIRECTORS ASSUMES RESPONSIBILITY FOR OVERSIGHT OF THE AUDIT OF ITS FINANCIAL STATEMENTS. PROPOSALS ARE REQUESTED AS DETERMINED NECESSARY, REVIEWED AND APPROVED BY GOVERNANCE.",X,X,X,X,X,0,1,0,0,0,0,0,0,0,"
        ",149345,0,3000,0,0,0,0,0,11523,0,163868,0,0,0,"
        ","
          ",SISTER OF OFFICER,54546,COMPENSATION AS EMPLOYEE.,0,-3586,,,,,,,,,,,,RESTRICTED,,,,,,,,,,,,,,,,,,,,,,,,,,,,,,"
      ",30000,RESTRICTED,"
        ",RESTRICTED,"
          ","
          "
2018,,"
    ","
    ",,,,,,"
      ",,,,2018-06-14 16:35:46Z,364135679,,,,,,,,,,,"
            ",,,,,P01310867,"
      ","
      ","
      ","
      ","
      ","
      ",,,,,,,,,,,,,,,,,,,,,,,,,,,,,,,,,,,,,,,,,,,,,,,,,,,,,,,,,,,,,,,,,,,,,,,,,,,,,,,,,,,,,,,,,,,,,,,,,,,,,,,,,,,,,,,,,,,,,,,,,,,,,,,,,,,,,,,,,,,,,,,,,,,,,,,,,,,,,,,,,,,,,,,,,,,,,,,,,,,,,,,,,,,,,,,,,,,,,,,,,,,,,,,,,,,,,,,,,,,,,,,,,,,,,,,,,,,,,,,,,,,,,,,,,,,,,,,,,,,,,,,,,,,,,,,,,,,,,,,,,,,,,,,,,,,,,,,,,,,,,,,,,,,,,,,,,,,,,2018-08-03T10:00:58-05:00,2017-12-31,"
      ",990,2017-01-01,"
      ","
      ","
      ",2017,410746749,"
        ","
        ",EMPS,PO BOX 407066,FORT LAUDERDALE,FL,33340,"
            ",NATI,7737140622,EXAMINERS INC,KATE NATTER,VP FOR FINANCE/CFO,2018-08-02,1,MELISSA STRUCK,2018-08-01,"
        ",2018-08-02,15:15:49,CD,P,BD75E6C2243C9EFC7694E41B8F53DC519A4B1D84,F5C70261B48DF0DABF14721562C696050A4B2BF8,67.137.57.251,JOHN GIMPEL DO,31849653,0,X,WWW.NBOME.ORG,X,1996,IN,TO PROTECT THE PUBLIC BY ASSESSING COMPETENCIES FOR OSTEOPATHIC MEDICINE.,25,25,276,800,0,0,30000,0,27444102,30409157,448967,599385,12286,23410,27935355,31031952,0,0,0,0,13953929,15307308,0,0,0,11976696,13035199,25930625,28342507,2004730,2689445,34469807,38859172,16005706,16686313,18464101,22172859,X,TO PROTECT THE PUBLIC BY PROVIDING THE MEANS TO ASSESS COMPETENCIES FOR OSTEOPATHIC MEDICINE AND RELATED HEALTH CARE PROFESSIONS.,0,0,12415,19035,DEFERRED COMPENSATION OBLIGATION,"
        ","
        ","
        ",12415,19035,24829722,1,0,0,0,0,0,0,0,0,0,1,0,0,0,0,1,1,0,0,0,0,0,0,0,0,0,0,0,0,1,0,0,0,0,0,0,1,0,0,0,0,0,0,0,0,0,0,1,269,0,1,276,1,0,0,0,0,0,0,0,0,0,0,X,25,25,1,0,0,0,0,0,0,1,1,0,0,1,1,1,1,1,1,1,0,0,IL,X,"
        ","
        ",2504044,0,437522,20,0,1,0,"
        ",15,"
        ",30409157,"
        ","
        ","
        ","
        ","
        ","
        ",23410,"
        ","
        ","
        ","
        ","
        ","
        ","
        ","
        ","
        ","
        ","
        ","
        ","
        ","
        ","
        ","
        ","
        ","
        ","
        ","
        ","
        ","
        ","
        ","
        ","
        ",10136324,5813177,"
        ","
        ","
        ","
        ","
        ","
        ","
        ","
        ",X,"
        ","
        ","
        ",2689445,1019313,0,X,X,0,1,"
        ",1,0,SR DIRECTOR FOR IS,37.50,X,122751,0,0,X,X,"
          ","
          ",MERCHANT SERVICES,522155,561000,31031952,30409157,622795,315180,0,125627561,24829722,3512785,0,34469807,38859172,X,X,"
        ","
        ","
        ","
        ","
        ","
        ",123593991,"
        ","
        ","
        ","
        ",0.98380,0.98030,0.01040,0.01160,X,27764636,20519315,22699086,23927752,30716772,"
        ","
        ",4323147,"
        ",341067,X,32051265,1019313,1019313,31031952,0,31031952,28342507,0,28342507,0,28342507,"
        ",5935401,4008786,1926615,341067,"FORM 990, PART XII, LINE 2C:",THE ORGANIZATION'S AUDIT COMMITTEE AND BOARD OF DIRECTORS ASSUMES RESPONSIBILITY FOR OVERSIGHT OF THE AUDIT OF ITS FINANCIAL STATEMENTS. THERE HAS BEEN NO CHANGE IN THIS ROLE FROM THE PRIOR YEAR.,X,X,X,X,X,0,1,0,0,0,0,0,0,0,"
        ",171908,0,750,0,0,0,11903,0,24634,0,209195,0,0,0,"
        ","
          ",SISTER OF OFFICER,58905,COMPENSATION AS EMPLOYEE.,0,,,,,,,,,,,,,,,,,,,,,,,,,,,,,,,,,,,,,,,,,,,,,,,,,
2019,,"
    ","
    ",,,,,,"
      ",,,,2019-02-21 02:37:17Z,364135679,,,,,,,,,,,"
            ",,,,,P01310867,"
      ","
      ","
      ","
      ","
      ","
      ",,,,,,,,,,,,,,,,,,,,,,,,,,,,,,,,,,,,,,,,,,,,,,,,,,,,,,,,,,,,,,,,,,,,,,,,,,,,,,,,,,,,,,,,,,,,,,,,,,,,,,,,,,,,,,,,,,,,,,,,,,,,,,,,,,,,,,,,,,,,,,,,,,,,,,,,,,,,,,,,,,,,,,,,,,,,,,,,,,,,,,,,,,,,,,,,,,,,,,,,,,,,,,,,,,,,,,,,,,,,,,,,,,,,,,,,,,,,,,,,,,,,,,,,,,,,,,,,,,,,,,,,,,,,,,,,,,,,,,,,,,,,,,,,,,,,,,,,,,,,,,,,,,,,,,,,,,,,,2019-07-22T17:33:25-05:00,2018-12-31,"
      ",990,2018-01-01,"
      ","
      ","
      ",2018,410746749,"
        ","
        ",MVC CONSULTING,700 COMMERCE DR SUITE 500,OAK BROOK,IL,60523,"
            ",NATI,7737140622,EXAMINERS INC,KATE NATTER,VP FOR FINANCE/CFO,2019-07-22,1,MELISSA STRUCK,2019-07-22,"
        ",2019-07-22,12:12:28,CD,P,74360C0F9F998AEB88742761FB50F404B4DAF3FD,091776B7333B462949854535F4A6CB27A1BAF23B,67.137.57.251,JOHN GIMPEL DO,35654456,0,X,WWW.NBOME.ORG,X,1996,IN,TO PROTECT THE PUBLIC BY ASSESSING COMPETENCIES FOR OSTEOPATHIC MEDICINE.,22,22,348,800,0,8776,0,0,30409157,30955400,599385,261902,23410,68458,31031952,31285760,0,0,0,0,15307308,17092127,0,0,0,13035199,13883130,28342507,30975257,2689445,310503,38859172,39091392,16686313,17544238,22172859,21547154,X,TO PROTECT THE PUBLIC BY PROVIDING THE MEANS TO ASSESS COMPETENCIES FOR OSTEOPATHIC MEDICINE AND RELATED HEALTH CARE PROFESSIONS.,0,0,134048,150000,DEFERRED COMPENSATION OBLIGATION,"
        ","
        ","
        ",160858,171270,26809586,1,0,0,0,0,0,0,0,0,0,1,0,0,0,1,1,1,0,0,0,0,0,0,0,0,0,0,0,0,1,0,0,0,0,0,0,1,0,0,0,0,0,0,0,0,0,0,1,237,0,,348,1,0,0,0,0,0,0,0,0,0,0,X,22,22,1,0,0,0,0,0,0,1,1,0,0,1,1,1,1,1,1,1,0,0,IL,X,"
        ","
        ",2577177,0,579273,13,0,1,0,"
        ",17,"
        ",30955400,"
        ","
        ","
        ","
        ","
        ","
        ",68458,"
        ","
        ","
        ","
        ","
        ","
        ","
        ","
        ","
        ","
        ","
        ","
        ","
        ","
        ","
        ","
        ","
        ","
        ","
        ",,"
        ","
        ","
        ","
        ","
        ",10546956,7217687,"
        ","
        ","
        ","
        ","
        ","
        ","
        ","
        ",X,"
        ","
        ","
        ",310503,-936208,0,X,X,0,1,"
        ",1,0,AVP HUMAN RESOURCES,37.50,X,113553,0,41561,X,X,"
          ","
          ",PROJECT CONSULTING,501323,561000,31285760,30955400,330360,-79873,0,136473879,26809586,4165671,0,38859172,39091392,X,X,"
        ","
        ","
        ","
        ","
        ","
        ",134596288,"
        ","
        ","
        ","
        ",0.98620,0.98380,0.00990,0.01040,X,30716772,22699086,23927752,27764636,31365633,"
        ","
        ",3329269,"
        ",316724,X,30349552,-936208,-936208,31285760,0,31285760,30975257,0,30975257,0,30975257,"
        ",6264418,5106525,1157893,316724,"FORM 990, PART XII, LINE 2C:",THE ORGANIZATION'S AUDIT COMMITTEE AND BOARD OF DIRECTORS ASSUMES RESPONSIBILITY FOR OVERSIGHT OF THE AUDIT OF ITS FINANCIAL STATEMENTS. THERE HAS BEEN NO CHANGE IN THIS ROLE FROM THE PRIOR YEAR.,X,X,X,X,X,0,1,0,0,0,0,0,0,0,"
        ",110591,0,1000,0,1962,0,15843,0,25718,0,155114,0,0,0,"
        ","
          ",SISTER OF OFFICER,59151,COMPENSATION AS EMPLOYEE.,0,,,,,,,,,,,,,,,,,,,,,,,,,,,,,,,,,,,,,,,,0,0,X,,,,,,,
