,A,ReturnHeader,ReturnData,Timestamp,TaxPeriodEndDate,PreparerFirm,ReturnType,TaxPeriodBeginDate,Filer,Officer,Preparer,TaxYear,BuildTS,EIN,PreparerFirmBusinessName,PreparerFirmUSAddress,BusinessNameLine1,AddressLine1,City,State,ZIPCode,Name,NameControl,Phone,USAddress,Title,DateSigned,AuthorizeThirdParty,PTIN,IRS990,IRS990ScheduleA,IRS990ScheduleD,IRS990ScheduleJ,IRS990ScheduleO,AddressChange,NameOfPrincipalOfficerPerson,AddressPrincipalOfficerUS,GrossReceipts,GroupReturnForAffiliates,Organization501c3,WebSite,TypeOfOrganizationCorporation,YearFormation,StateLegalDomicile,ActivityOrMissionDescription,NbrVotingMembersGoverningBody,NbrIndependentVotingMembers,TotalNbrEmployees,TotalNbrVolunteers,TotalGrossUBI,NetUnrelatedBusinessTxblIncome,ContributionsGrantsPriorYear,ContributionsGrantsCurrentYear,ProgramServiceRevenuePriorYear,ProgramServiceRevenueCY,InvestmentIncomePriorYear,InvestmentIncomeCurrentYear,OtherRevenuePriorYear,OtherRevenueCurrentYear,TotalRevenuePriorYear,TotalRevenueCurrentYear,GrantsAndSimilarAmntsPriorYear,GrantsAndSimilarAmntsCY,BenefitsPaidToMembersPriorYear,BenefitsPaidToMembersCY,SalariesEtcPriorYear,SalariesEtcCurrentYear,TotalProfFundrsngExpPriorYear,TotalProfFundrsngExpCY,TotalFundrsngExpCurrentYear,OtherExpensePriorYear,OtherExpensesCurrentYear,TotalExpensesPriorYear,TotalExpensesCurrentYear,RevenuesLessExpensesPriorYear,RevenuesLessExpensesCY,TotalAssetsBOY,TotalAssetsEOY,TotalLiabilitiesBOY,TotalLiabilitiesEOY,NetAssetsOrFundBalancesBOY,NetAssetsOrFundBalancesEOY,MissionDescription,SignificantNewProgramServices,SignificantChange,Expense,Revenue,Description,TotalProgramServiceExpense,DescribedIn501C3,ScheduleBRequired,PoliticalActivities,LobbyingActivities,SubjectToProxyTax,DonorAdvisedFunds,ConservationEasements,CollectionsOfArt,CreditCounseling,TermOrPermanentEndowments,ReportLandBldgEquip,ReportInvestOthSecurities,ReportProgRelInvest,ReportOtherAssets,ReportOtherLiabilities,ReportFin48Footnote,IndependentAuditFinancialStmt,ConsolidatedAuditFinancialStmt,School,ForeignOffice,ForeignActivities,MoreThan5000KToOrganizations,MoreThan5000KToIndividuals,ProfessionalFundraising,FundraisingActivities,Gaming,Hospital,GrantsToOrganizations,GrantsToIndividuals,ScheduleJRequired,TaxExemptBonds,ExcessBenefitTransaction,PriorExcessBenefitTransaction,LoanToOfficerOrDQP,GrantToRelatedPerson,BsnssRltnshpWithOrganization,BsnssRltnshpThruFamilyMember,OfficerEntityWithBsnssRltnshp,DeductibleNonCashContributions,DeductibleContributionsOfArt,Terminated,PartialLiquidation,DisregardedEntity,RelatedEntity,RelatedOrgControlledEntity,TransfersToExemptNonChrtblOrg,ActivitiesConductedPartnership,ScheduleORequired,NumberFormsTransmittedWith1096,NumberW2GIncluded,ComplianceWithBackupWitholding,NumberOfEmployees,EmploymentTaxReturnsFiled,UnrelatedBusinessIncome,ForeignFinancialAccount,NameOfForeignCountry,ProhibitedTaxShelterTrans,TaxablePartyNotification,NonDeductibleContributions,QuidProQuoContributions,Form8282PropertyDisposedOf,FundsToPayPremiums,PremiumsPaid,IndoorTanningServices,InfoInScheduleOPartVI,NbrVotingGoverningBodyMembers,NumberIndependentVotingMembers,FamilyOrBusinessRelationship,DelegationOfManagementDuties,ChangesToOrganizingDocs,MaterialDiversionOrMisuse,MembersOrStockholders,ElectionOfBoardMembers,DecisionsSubjectToApproval,MinutesOfGoverningBody,MinutesOfCommittees,OfficerMailingAddress,LocalChapters,Form990ProvidedToGoverningBody,ConflictOfInterestPolicy,AnnualDisclosureCoveredPersons,RegularMonitoringEnforcement,WhistleblowerPolicy,DocumentRetentionPolicy,CompensationProcessCEO,CompensationProcessOther,InvestmentInJointVenture,UponRequest,TheBooksAreInCareOf,Form990PartVIISectionA,TotalReportableCompFromOrg,TotalReportableCompFrmRltdOrgs,TotalOtherCompensation,NumberIndividualsGT100K,FormersListed,TotalCompGT150K,CompensationFromOtherSources,ContractorCompensation,NumberOfContractorsGT100K,ProgramServiceRevenue,TotalProgramServiceRevenue,InvestmentIncome,GrossAmountSalesAssets,LessCostOthBasisSalesExpenses,GainOrLoss,NetGainOrLossInvestments,OtherRevenueMisc,TotalOtherRevenue,TotalRevenue,CompCurrentOfficersDirectors,OtherSalariesAndWages,PensionPlanContributions,OtherEmployeeBenefits,PayrollTaxes,FeesForServicesLegal,FeesForServicesAccounting,FeesForServicesInvstMgmntFees,FeesForServicesOther,OfficeExpenses,InformationTechnology,Occupancy,Travel,ConferencesMeetings,Interest,DepreciationDepletion,Insurance,OtherExpenses,TotalFunctionalExpenses,CashNonInterestBearing,SavingsAndTempCashInvestments,AccountsReceivable,PrepaidExpensesDeferredCharges,LandBuildingsEquipmentBasis,LandBldgEquipmentAccumDeprec,LandBuildingsEquipmentBasisNet,InvestmentsPubTradedSecurities,InvestmentsOtherSecurities,OtherAssetsTotal,TotalAssets,AccountsPayableAccruedExpenses,DeferredRevenue,OtherLiabilities,TotalLiabilities,FollowSFAS117,UnrestrictedNetAssets,TotalNetAssetsFundBalances,TotalLiabNetAssetsFundBalances,ReconcilationRevenueExpenses,ReconciliationUnrealizedInvest,ReconcilationOtherChanges,MethodOfAccountingAccrual,AccountantCompileOrReview,FSAudited,FSAuditedBasis,AuditCommittee,FederalGrantAuditRequired,NameBusiness,TelephoneNumber,AddressUS,NamePerson,AverageHoursPerWeek,IndividualTrusteeOrDirector,ReportableCompFromOrganization,ReportableCompFromRelatedOrgs,OtherCompensation,HighestCompensatedEmployee,NameOfContractor,AddressOfContractor,DescriptionOfServices,Compensation,BusinessCode,TotalRevenueColumn,RelatedOrExemptFunctionIncome,ExclusionAmount,Securities,UnrelatedBusinessRevenue,Total,ProgramServices,ManagementAndGeneral,Fundraising,BOY,EOY,FinancialStatementSeparate,PubliclySupportedOrg509a2,GrossReceiptsFromAdmissions,Total509,AmtsRecdFromDisqualPersons,AmtsFromSubstContributors,SupportFromDQPsEtc,PublicSupportTotal509,GrossInvestmentIncome509,InvestmentIncomeAndUBTI,OtherIncome509,TotalSupportTotal,PublicSupportPercentage509,PriorYearSupportPercentage,InvestmentIncomePercentage,PriorYrInvestIncomePercentage,ThirtyThreePercntTestsCY509,CurrentTaxYearMinus4Years,CurrentTaxYearMinus3Years,CurrentTaxYearMinus2Years,CurrentTaxYearMinus1Year,CurrentTaxYear,LeaseholdImprovements,Equipment,OtherLandBuildings,TotalOfBookValueLandBuildings,OtherSecurities,TotalOfBookValueSecurities,TotalOfAmounts,FootnoteInPartXIII,TotRevenueEtcAuditedFinclStmt,NetUnrealizedGainsInvestments,RevenueNotRptdF990,RevenueSubtotal,InvestmentExpensesNotIncluded,RevenueNotRptdOnFinStmt,TotalRevenuePerForm990,TotExpensesEtcAuditedFinclStmt,ExpensesNotRptdF990,ExpensesSubtotal,InvestmentExpensesNotIncluded2,ExpensesNotRptdOnFinStmt,TotalExpensesPerForm990,Form990ScheduleDPartXIII,OtherCostOrOtherBasis,Depreciation,BookValue,MethodOfValuation,Amount,Identifier,ReturnReference,Explanation,CompensationCommittee,IndependentConsultant,Form990OfOtherOrganizations,WrittenEmploymentContract,CompensationSurvey,BoardOrCommitteeApproval,SeverancePayment,SupplementalNonqualRetirePlan,EquityBasedCompArrangement,CompBasedOnRevenueOfFilingOrg,CompBasedOnRevenueRelatedOrgs,CompBasedNetEarningsFilingOrg,CompBasedNetEarningsRelateOrgs,AnyNonFixedPayments,InitialContractException,Form990ScheduleJPartII,BaseCompensationFilingOrg,CompBasedOnRelatedOrgs,BonusFilingOrg,BonusRelatedOrgs,OtherCompensationFilingOrg,OtherCompensationRelatedOrgs,DeferredCompFilingOrg,DeferredCompRelatedOrgs,NontaxableBenefitsFilingOrg,NontaxableBenefitsRelatedOrgs,TotalCompensationFilingOrg,TotalCompensationRelatedOrgs,CompReportPrior990FilingOrg,CompReportPrior990RelatedOrgs,GeneralExplanation,ReturnTs,TaxPeriodEndDt,PreparerFirmGrp,ReturnTypeCd,TaxPeriodBeginDt,BusinessOfficerGrp,PreparerPersonGrp,FilingSecurityInformation,TaxYr,PreparerFirmEIN,PreparerFirmName,PreparerUSAddress,BusinessNameLine1Txt,AddressLine1Txt,CityNm,StateAbbreviationCd,ZIPCd,BusinessName,BusinessNameControlTxt,PhoneNum,PersonNm,PersonTitleTxt,SignatureDt,DiscussWithPaidPreparerInd,PreparerPersonNm,IPAddress,IPDt,IPTm,IPTimezoneCd,FilingLicenseTypeCd,AtSubmissionCreationDeviceId,AtSubmissionFilingDeviceId,IPv4AddressTxt,IRS990ScheduleF,IRS990ScheduleR,PrincipalOfficerNm,GrossReceiptsAmt,GroupReturnForAffiliatesInd,Organization501c3Ind,WebsiteAddressTxt,TypeOfOrganizationCorpInd,FormationYr,LegalDomicileStateCd,ActivityOrMissionDesc,VotingMembersGoverningBodyCnt,VotingMembersIndependentCnt,TotalEmployeeCnt,TotalVolunteersCnt,TotalGrossUBIAmt,NetUnrelatedBusTxblIncmAmt,PYContributionsGrantsAmt,CYContributionsGrantsAmt,PYProgramServiceRevenueAmt,CYProgramServiceRevenueAmt,PYInvestmentIncomeAmt,CYInvestmentIncomeAmt,PYOtherRevenueAmt,CYOtherRevenueAmt,PYTotalRevenueAmt,CYTotalRevenueAmt,PYGrantsAndSimilarPaidAmt,CYGrantsAndSimilarPaidAmt,PYBenefitsPaidToMembersAmt,CYBenefitsPaidToMembersAmt,PYSalariesCompEmpBnftPaidAmt,CYSalariesCompEmpBnftPaidAmt,PYTotalProfFndrsngExpnsAmt,CYTotalProfFndrsngExpnsAmt,CYTotalFundraisingExpenseAmt,PYOtherExpensesAmt,CYOtherExpensesAmt,PYTotalExpensesAmt,CYTotalExpensesAmt,PYRevenuesLessExpensesAmt,CYRevenuesLessExpensesAmt,TotalAssetsBOYAmt,TotalAssetsEOYAmt,TotalLiabilitiesBOYAmt,TotalLiabilitiesEOYAmt,NetAssetsOrFundBalancesBOYAmt,NetAssetsOrFundBalancesEOYAmt,MissionDesc,SignificantNewProgramSrvcInd,SignificantChangeInd,ExpenseAmt,RevenueAmt,Desc,TotalProgramServiceExpensesAmt,DescribedInSection501c3Ind,ScheduleBRequiredInd,PoliticalCampaignActyInd,LobbyingActivitiesInd,SubjectToProxyTaxInd,DonorAdvisedFundInd,ConservationEasementsInd,CollectionsOfArtInd,CreditCounselingInd,TempOrPermanentEndowmentsInd,ReportLandBuildingEquipmentInd,ReportInvestmentsOtherSecInd,ReportProgramRelatedInvstInd,ReportOtherAssetsInd,ReportOtherLiabilitiesInd,IncludeFIN48FootnoteInd,IndependentAuditFinclStmtInd,ConsolidatedAuditFinclStmtInd,SchoolOperatingInd,ForeignOfficeInd,ForeignActivitiesInd,MoreThan5000KToOrgInd,MoreThan5000KToIndividualsInd,ProfessionalFundraisingInd,FundraisingActivitiesInd,GamingActivitiesInd,OperateHospitalInd,GrantsToOrganizationsInd,GrantsToIndividualsInd,ScheduleJRequiredInd,TaxExemptBondsInd,EngagedInExcessBenefitTransInd,PYExcessBenefitTransInd,LoanOutstandingInd,GrantToRelatedPersonInd,BusinessRlnWithOrgMemInd,BusinessRlnWithFamMemInd,BusinessRlnWithOfficerEntInd,DeductibleNonCashContriInd,DeductibleArtContributionInd,TerminateOperationsInd,PartialLiquidationInd,DisregardedEntityInd,RelatedEntityInd,RelatedOrganizationCtrlEntInd,TrnsfrExmptNonChrtblRltdOrgInd,ActivitiesConductedPrtshpInd,ScheduleORequiredInd,IRPDocumentCnt,IRPDocumentW2GCnt,EmployeeCnt,EmploymentTaxReturnsFiledInd,UnrelatedBusIncmOverLimitInd,ForeignFinancialAccountInd,ForeignCountryCd,ProhibitedTaxShelterTransInd,TaxablePartyNotificationInd,NondeductibleContributionsInd,QuidProQuoContributionsInd,Form8282PropertyDisposedOfInd,RcvFndsToPayPrsnlBnftCntrctInd,PayPremiumsPrsnlBnftCntrctInd,IndoorTanningServicesInd,InfoInScheduleOPartVIInd,GoverningBodyVotingMembersCnt,IndependentVotingMemberCnt,FamilyOrBusinessRlnInd,DelegationOfMgmtDutiesInd,ChangeToOrgDocumentsInd,MaterialDiversionOrMisuseInd,MembersOrStockholdersInd,ElectionOfBoardMembersInd,DecisionsSubjectToApprovaInd,MinutesOfGoverningBodyInd,MinutesOfCommitteesInd,OfficerMailingAddressInd,LocalChaptersInd,Form990ProvidedToGvrnBodyInd,ConflictOfInterestPolicyInd,AnnualDisclosureCoveredPrsnInd,RegularMonitoringEnfrcInd,WhistleblowerPolicyInd,DocumentRetentionPolicyInd,CompensationProcessCEOInd,CompensationProcessOtherInd,InvestmentInJointVentureInd,UponRequestInd,BooksInCareOfDetail,Form990PartVIISectionAGrp,TotalReportableCompFromOrgAmt,TotReportableCompRltdOrgAmt,TotalOtherCompensationAmt,IndivRcvdGreaterThan100KCnt,FormerOfcrEmployeesListedInd,TotalCompGreaterThan150KInd,CompensationFromOtherSrcsInd,ContractorCompensationGrp,CntrctRcvdGreaterThan100KCnt,ProgramServiceRevenueGrp,TotalProgramServiceRevenueAmt,InvestmentIncomeGrp,GrossAmountSalesAssetsGrp,LessCostOthBasisSalesExpnssGrp,GainOrLossGrp,NetGainOrLossInvestmentsGrp,OtherRevenueMiscGrp,OtherRevenueTotalAmt,TotalRevenueGrp,CompCurrentOfcrDirectorsGrp,OtherSalariesAndWagesGrp,PensionPlanContributionsGrp,OtherEmployeeBenefitsGrp,PayrollTaxesGrp,FeesForServicesLegalGrp,FeesForServicesAccountingGrp,FeesForSrvcInvstMgmntFeesGrp,FeesForServicesOtherGrp,AdvertisingGrp,OfficeExpensesGrp,InformationTechnologyGrp,OccupancyGrp,TravelGrp,ConferencesMeetingsGrp,InterestGrp,DepreciationDepletionGrp,InsuranceGrp,OtherExpensesGrp,AllOtherExpensesGrp,TotalFunctionalExpensesGrp,CashNonInterestBearingGrp,SavingsAndTempCashInvstGrp,AccountsReceivableGrp,PrepaidExpensesDefrdChargesGrp,LandBldgEquipCostOrOtherBssAmt,LandBldgEquipAccumDeprecAmt,LandBldgEquipBasisNetGrp,InvestmentsPubTradedSecGrp,InvestmentsOtherSecuritiesGrp,OtherAssetsTotalGrp,TotalAssetsGrp,AccountsPayableAccrExpnssGrp,DeferredRevenueGrp,OtherLiabilitiesGrp,TotalLiabilitiesGrp,OrganizationFollowsSFAS117Ind,UnrestrictedNetAssetsGrp,TotalNetAssetsFundBalanceGrp,TotLiabNetAssetsFundBalanceGrp,ReconcilationRevenueExpnssAmt,NetUnrlzdGainsLossesInvstAmt,OtherChangesInNetAssetsAmt,MethodOfAccountingAccrualInd,AccountantCompileOrReviewInd,FSAuditedInd,FSAuditedBasisGrp,AuditCommitteeInd,FederalGrantAuditRequiredInd,TitleTxt,AverageHoursPerWeekRt,IndividualTrusteeOrDirectorInd,OfficerInd,ReportableCompFromOrgAmt,ReportableCompFromRltdOrgAmt,OtherCompensationAmt,HighestCompensatedEmployeeInd,ContractorName,ContractorAddress,ServicesDesc,CompensationAmt,BusinessCd,TotalRevenueColumnAmt,RelatedOrExemptFuncIncomeAmt,ExclusionAmt,SecuritiesAmt,UnrelatedBusinessRevenueAmt,TotalAmt,ProgramServicesAmt,ManagementAndGeneralAmt,FundraisingAmt,BOYAmt,EOYAmt,SeparateBasisFinclStmtInd,PubliclySupportedOrg509a2Ind,GrossReceiptsAdmissionsGrp,Total509Grp,AmountsRcvdDsqlfyPersonGrp,SubstantialContributorsAmtGrp,SubstAndDsqlfyPrsnsTotGrp,PublicSupportTotal509Amt,GrossInvestmentIncome509Grp,InvestmentIncomeAndUBTIGrp,OtherIncome509Grp,TotalSupportCalendarYearGrp,PublicSupportCY509Pct,PublicSupportPY509Pct,InvestmentIncomeCYPct,InvestmentIncomePYPct,ThirtyThrPctSuprtTestsCY509Ind,CurrentTaxYearMinus4YearsAmt,CurrentTaxYearMinus3YearsAmt,CurrentTaxYearMinus2YearsAmt,CurrentTaxYearMinus1YearAmt,CurrentTaxYearAmt,LeaseholdImprovementsGrp,EquipmentGrp,OtherLandBuildingsGrp,TotalBookValueLandBuildingsAmt,OtherSecuritiesGrp,TotalBookValueSecuritiesAmt,OtherLiabilitiesOrgGrp,TotalLiabilityAmt,FootnoteTextInd,TotalRevEtcAuditedFinclStmtAmt,NetUnrealizedGainsInvstAmt,RevenueNotReportedAmt,RevenueSubtotalAmt,RevenueNotReportedFinclStmtAmt,TotalRevenuePerForm990Amt,TotExpnsEtcAuditedFinclStmtAmt,ExpensesNotReportedAmt,ExpensesSubtotalAmt,ExpensesNotRptFinclStmtAmt,TotalExpensesPerForm990Amt,SupplementalInformationDetail,OtherCostOrOtherBasisAmt,DepreciationAmt,BookValueAmt,MethodValuationCd,Amt,FormAndLineReferenceDesc,ExplanationTxt,AccountActivitiesOutsideUSGrp,SubtotalOfficesCnt,SubtotalEmployeesCnt,ContinuationTotalOfficeCnt,ContinuationTotalEmployeeCnt,TotalOfficeCnt,SubtotalSpentAmt,ContinuationSpentAmt,TotalSpentAmt,TransferToForeignCorpInd,InterestInForeignTrustInd,ForeignCorpOwnershipInd,PassiveForeignInvestmestCoInd,ForeignPartnershipInd,BoycottCountriesInd,RegionTxt,OfficesCnt,TypeOfActivitiesConductedTxt,SpecificServicesProvidedTxt,RegionTotalExpendituresAmt,CompensationCommitteeInd,IndependentConsultantInd,Form990OfOtherOrganizationsInd,CompensationSurveyInd,BoardOrCommitteeApprovalInd,SeverancePaymentInd,SupplementalNonqualRtrPlanInd,EquityBasedCompArrngmInd,CompBasedOnRevenueOfFlngOrgInd,CompBsdOnRevRelatedOrgsInd,CompBsdNetEarnsFlngOrgInd,CompBsdNetEarnsRltdOrgsInd,AnyNonFixedPaymentsInd,InitialContractExceptionInd,RltdOrgOfficerTrstKeyEmplGrp,BaseCompensationFilingOrgAmt,CompensationBasedOnRltdOrgsAmt,BonusFilingOrganizationAmount,BonusRelatedOrganizationsAmt,OtherCompensationFilingOrgAmt,OtherCompensationRltdOrgsAmt,DeferredCompensationFlngOrgAmt,DeferredCompRltdOrgsAmt,NontaxableBenefitsFilingOrgAmt,NontaxableBenefitsRltdOrgsAmt,TotalCompensationFilingOrgAmt,TotalCompensationRltdOrgsAmt,CompReportPrior990FilingOrgAmt,CompReportPrior990RltdOrgsAmt,IdDisregardedEntitiesGrp,DisregardedEntityName,PrimaryActivitiesTxt,TotalIncomeAmt,DirectControllingEntityName,ContinutationTotalOfficeCnt,ContinutationTotalEmployeeCnt,WrittenEmploymentContractInd,KeyEmployeeInd,InvestmentExpensesNotIncldAmt,InvestmentExpensesNotIncld2Amt,TransactionRelatedEntity,FeesForServicesManagement,InfoInScheduleOPartXI,TotalExpenses,ExcessOrDeficitForYear,NetUnrealizedGLOnInvestments,TotalAdjustments,ExcessOrDeficitPerFS,Form990ScheduleDPartXIV,Form990ScheduleJPartIII,EndOfYearAssetsAmt,InfoInScheduleOPartXII,Form990TFiledInd,SubjToTaxRmnrtnExPrchtPymtInd,SubjectToExcsTaxNetInvstIncInd,StatesWhereCopyOfReturnIsFldCd,InfoInScheduleOPartXIIInd
0,,,,,,,,,,,,,,,,,,,,,,,,,,,,,,,,,,,,,,,,,,,,,,,,,,,,,,,,,,,,,,,,,,,,,,,,,,,,,,,,,,,,,,,,,,,,,,,,,,,,,,,,,,,,,,,,,,,,,,,,,,,,,,,,,,,,,,,,,,,,,,,,,,,,,,,,,,,,,,,,,,,,,,,,,,,,,,,,,,,,,,,,,,,,,,,,,,,,,,,,,,,,,,,,,,,,,,,,,,,,,,,,,,,,,,,,,,,,,,,,,,,,,,,,,,,,,,,,,,,,,,,,,,,,,,,,,,,,,,,,,,,,,,,,,,,,,,,,,,,,,,,,,,,,,,,,,,,,,,,,,,,,,,,,,,,,,,,,,,,,,,,,,,,,,,,,,,,,,,,,,,,,,,,,,,,,,,,,,,,,,,,,,,,,,,,,,,,,,,,,,,,,,,,,,,,,,,,,,,,,,,,,,,,,,,,,,,,,,,,,,,,,,,,,,,,,,,,,,,,,,,,,,,,,,,,,,,,,,,,,,,,,,,,,,,,,,,,,,,,,,,,,,,,,,,,,,,,,,,,,,,,,,,,,,,,,,,,,,,,,,,,,,,,,,,,,,,,,,,,,,,,,,,,,,,,,,,,,,,,,,,,,,,,,,,,,,,,,,,,,,,,,,,,,,,,,,,,,,,,,,,,,,,,,,,,,,,,,,,,,,,,,,,,,,,,,,,,,,,,,,,,,,,,,,,,,,,,,,,,,,,,,,,,,,,,,,,,,,,,,,,,,,,,,,,,,,,,,,,,,,,,,,,,,,,,,,,,,,,,,,,,,,,,,,,
2011,,"
    ","
    ",2011-07-20T07:08:30-05:00,2010-12-31,"
      ",990,2010-01-01,"
      ",X,"
      ",2010,2016-02-24 21:20:13Z,362249886,"
        ","
        ",REED SMITH LLP,3110 FAIRVIEW PARK DRIVE 1400,FALLS CHURCH,VA,22042,MONA M SIGNER MPH,NATI,7039985100,"
        ",STUDENT REPRESENTATIVE,2011-07-13,1,,"
      ","
      ","
      ","
      ","
      ",,MONA M SIGNER MPH,"
        ",6918817,0,X,WWW.NRMP.ORG,X,1952,IL,TO MATCH INTERN AND RESIDENCY APPLICANTS WITH HOSPITALS OF THEIR CHOICE.,20,19,0,0,0,0,0,0,3132843,4199069,-316237,233682,1275,2690,2817881,4435441,0,0,0,0,0,0,0,0,0,3491038,3454636,3491038,3454636,-673157,980805,11076057,13059979,1855172,1864206,9220885,11195773,"INTERN AND RESIDENT MATCHING PROGRAM - ORGANIZE AND CONDUCT A NATIONAL CLEARING HOUSE TO MATCH INTERN AND RESIDENCY APPLICANTS WITH HOSPITALS OF THEIR CHOICE. FOR FISCAL YEAR 2010, THERE WERE 22,307 INTERNS AND RESIDENCY APPLICANTS MATCHED.",0,0,2497219,4199069,HEDGE FUNDS,2497219,1,0,0,0,,0,0,0,0,0,1,0,0,0,0,0,1,0,0,0,0,0,0,0,0,0,0,0,0,1,0,0,0,0,0,0,0,0,0,0,0,0,0,0,0,0,0,1,0,0,,0,,0,1,CJ,0,0,0,0,0,0,0,0,X,20,19,0,1,0,0,0,0,0,1,1,0,0,1,1,1,1,0,1,1,0,0,X,"
        ","
        ",225905,0,34242,1,0,1,0,"
        ",2,"
        ",4199069,"
        ","
        ","
        ","
        ","
        ","
        ",2690,4435441,,,,,,"
        ","
        ","
        ","
        ","
        ",,,"
        ","
        ",,"
        ","
        ","
        ","
        ","
        ","
        ","
        ","
        ",1898708,1675551,"
        ","
        ","
        ",,"
        ","
        ","
        ",,"
        ",X,"
        ","
        ","
        ",980805,,994083,X,0,1,,1,0,"
            ",2028280400,"
            ",MONA M SIGNER MPH,1.00,X,0,0,0,,"
          ","
          ",LEGAL SERVICES,529823,900099,4435441,4199069,236372,-7834,0,18993574,2497219,957417,0,11076057,13059979,X,X,"
        ","
        ","
        ","
        ","
        ",17361816,"
        ","
        ","
        ","
        ",0.91410,0.91290,0.08560,0.08690,X,4496724,3360558,3346890,3346127,4443275,,,"
        ",223157,"
        ",1404498,,,5429524,994083,994083,4435441,,0,4435441,3454636,0,3454636,,0,3454636,,1898708,1675551,1404498,F,,"FORM 990, PART XII, LINE 2C","FORM 990, PART VI, SECTION C, LINE 19",THE PROCESS DID NOT CHANGE FROM THE PRIOR YEAR.,X,,,,X,X,0,0,0,0,0,0,0,0,0,"
        ",210905,0,15000,0,0,0,21090,0,13152,0,260147,0,0,0,"
        ",,,,,,,,,,,,,,,,,,,,,,,,,,,,,,,,,,,,,,,,,,,,,,,,,,,,,,,,,,,,,,,,,,,,,,,,,,,,,,,,,,,,,,,,,,,,,,,,,,,,,,,,,,,,,,,,,,,,,,,,,,,,,,,,,,,,,,,,,,,,,,,,,,,,,,,,,,,,,,,,,,,,,,,,,,,,,,,,,,,,,,,,,,,,,,,,,,,,,,,,,,,,,,,,,,,,,,,,,,,,,,,,,,,,,,,,,,,,,,,,,,,,,,,,,,,,,,,,,,,,,,,,,,,,,,,,,,,,,,,,,,,,,,,,,,,,,,,,,,,,,,,,,,,,,,,,,,,,,,,,,,,,,,,,,,,,,,,,,,,,,,,,,,,,,,,,,,,,,,,,,,,,,,,,,,,,,,,,,,,,0,"
        ",X,3454636,980805,994083,994083,1974888,,"
        ",,X,,,,,
2012,,"
    ","
    ",2012-07-03T11:12:23-05:00,2011-12-31,"
      ",990,2011-01-01,"
      ",X,"
      ",2011,2016-02-24 21:20:13Z,362249886,"
        ","
        ",REED SMITH LLP,3110 FAIRVIEW PARK DRIVE 1400,FALLS CHURCH,VA,22042,YUNG-HEE GALLINARO,NATI,7039985100,"
        ",CIO,2012-06-28,1,P00035293,"
      ","
      ","
      ","
      ","
      ",,MONA M SIGNER MPH,"
        ",5827295,0,X,WWW.NRMP.ORG,X,1952,IL,TO MATCH INTERN AND RESIDENCY APPLICANTS WITH HOSPITALS OF THEIR CHOICE.,20,19,0,20,0,0,0,0,4199069,4308495,233682,465732,2690,1575,4435441,4775802,0,0,0,0,0,0,0,0,0,3454636,3808304,3454636,3808304,980805,967498,13059979,13852026,1864206,2384774,11195773,11467252,"INTERN AND RESIDENT MATCHING PROGRAM - ORGANIZE AND CONDUCT A NATIONAL CLEARING HOUSE TO MATCH INTERN AND RESIDENCY APPLICANTS WITH HOSPITALS OF THEIR CHOICE. FOR FISCAL YEAR 2011, THERE WERE 22,894 INTERNS AND RESIDENCY APPLICANTS MATCHED.",0,0,2752511,4308495,HEDGE FUNDS,2752511,1,0,0,0,0,0,0,0,0,0,1,1,0,0,0,1,1,0,0,0,0,0,0,0,0,0,0,0,0,1,0,0,0,0,0,0,0,0,0,0,0,0,0,0,0,0,0,1,0,0,,0,,0,1,CJ,0,0,0,0,0,0,0,0,X,20,19,0,1,0,0,0,0,0,1,1,0,0,1,1,1,1,0,1,1,0,0,X,"
        ","
        ",596761,0,54319,3,0,1,0,"
        ",3,"
        ",4308495,"
        ","
        ","
        ","
        ","
        ","
        ",1575,4775802,,,,,,"
        ","
        ","
        ","
        ","
        ","
        ",,"
        ","
        ",,"
        ","
        ","
        ","
        ","
        ","
        ","
        ","
        ",3125114,1767681,"
        ","
        ","
        ",,"
        ","
        ","
        ",,"
        ",X,"
        ","
        ","
        ",967498,,-696019,X,0,1,,1,0,"
            ",2028280400,"
            ",NICOLE NITOWSKI,35.00,X,212427,0,20842,X,"
          ","
          ",LEGAL SERVICES,567799,900099,4775802,4308495,467307,97623,0,19175029,2752511,1055793,0,13059979,13852026,X,X,"
        ","
        ","
        ","
        ","
        ",17569299,"
        ","
        ","
        ","
        ",0.91630,0.91410,0.08340,0.08560,X,3360558,3346890,3346127,4443275,4678179,,,"
        ",1357433,"
        ",1474670,,,4004778,-696019,-696019,4700797,75005,75005,4775802,3733299,0,3733299,75005,75005,3808304,,3125114,1767681,1474670,F,,CHANGES IN NET ASSETS OR FUND BALANCES:,"FORM 990, PART XI, LINE 5:","NET UNREALIZED LOSSES ON INVESTMENTS: -696,019.",X,,,,X,X,0,0,0,0,0,0,0,0,0,"
        ",202328,0,100,0,9999,0,20233,0,609,0,233269,0,0,0,"
        ",,,,,,,,,,,,,,,,,,,,,,,,,,,,,,,,,,,,,,,,,,,,,,,,,,,,,,,,,,,,,,,,,,,,,,,,,,,,,,,,,,,,,,,,,,,,,,,,,,,,,,,,,,,,,,,,,,,,,,,,,,,,,,,,,,,,,,,,,,,,,,,,,,,,,,,,,,,,,,,,,,,,,,,,,,,,,,,,,,,,,,,,,,,,,,,,,,,,,,,,,,,,,,,,,,,,,,,,,,,,,,,,,,,,,,,,,,,,,,,,,,,,,,,,,,,,,,,,,,,,,,,,,,,,,,,,,,,,,,,,,,,,,,,,,,,,,,,,,,,,,,,,,,,,,,,,,,,,,,,,,,,,,,,,,,,,,,,,,,,,,,,,,,,,,,,,,,,,,,,,,,,,,,,,,,,,,,,,,,,,0,"
        ",X,3808304,967498,-696019,-696019,271479,"
        ","
        ",,,,,,,
2013,,"
    ","
    ",2013-05-14T15:26:08-05:00,2012-12-31,"
      ",990,2012-01-01,"
      ",X,"
      ",2012,2016-02-24 21:20:13Z,362249886,"
        ","
        ",MINDSHIFT TECHNOLOGIES INC,309 WAVERLY OAKS ROAD 301,WALTHAM,MA,02452,YUNG-HEE GALLINARO,NATI,5712279500,"
        ",CHIEF INFORMATION OFFICER,2013-05-14,1,P00035293,"
      ","
      ","
      ","
      ","
      ",X,MONA M SIGNER MPH,"
        ",6942501,0,X,WWW.NRMP.ORG,X,1952,IL,TO MATCH INTERN AND RESIDENCY APPLICANTS WITH HOSPITALS OF THEIR CHOICE.,19,19,14,0,0,0,0,0,4308495,4373120,465732,617929,1575,2993,4775802,4994042,0,0,0,0,0,2078228,0,0,0,3808304,2932277,3808304,5010505,967498,-16463,13852026,17041956,2384774,4586683,11467252,12455273,INTERN AND RESIDENT MATCHING PROGRAM - ORGANIZE AND CONDUCT A NATIONAL CLEARING HOUSE TO MATCH INTERN AND RESIDENCY APPLICATNS WITH HOSPITALS OF THEIR CHOICE.,0,0,3806889,4373120,DEFERRED RENT,3806889,1,0,0,0,0,0,0,0,0,0,1,1,0,0,1,1,1,0,0,0,0,0,0,0,0,0,0,0,0,1,0,0,0,0,0,0,0,0,0,0,0,0,0,0,0,0,0,1,6,0,1,14,1,0,1,CJ,0,0,0,0,0,0,0,0,X,19,19,0,0,1,0,0,0,0,1,1,0,0,1,1,1,1,0,1,1,1,0,X,"
        ","
        ",1019669,0,161601,6,0,1,0,"
        ",4,"
        ",4373120,"
        ","
        ","
        ","
        ","
        ","
        ",2993,"
        ","
        ","
        ","
        ","
        ","
        ","
        ","
        ","
        ","
        ","
        ","
        ","
        ","
        ","
        ","
        ","
        ","
        ","
        ","
        ","
        ","
        ","
        ","
        ",5796955,2111119,"
        ","
        ","
        ","
        ","
        ","
        ","
        ","
        ","
        ",X,"
        ","
        ","
        ",-16463,1004484,0,X,0,1,"
        ",1,0,"
            ",2026183885,"
            ",NICOLE N NITOWSKI,35.00,X,116379,0,21821,X,"
          ","
          ",WORKPLACE SERVICES,116588,900099,4994042,4373120,620922,10204,0,20798309,3806889,1203616,0,13852026,17041956,X,X,"
        ","
        ","
        ","
        ","
        ",19050099,"
        ","
        ","
        ","
        ",0.91590,0.91630,0.08360,0.08340,X,3346890,3346127,4443275,4678179,4983838,"
        ","
        ","
        ",3685836,"
        ",1695530,2130836,X,5918376,1004484,1004484,4913892,80150,80150,4994042,4930355,0,4930355,80150,80150,5010505,"
        ",5088994,2065130,1695530,F,572563,OTHER FEES,"FORM 990, PART IX, LINE 11G","OTHER CONSULTING SERVICES: PROGRAM SERVICE EXPENSES 0. MANAGEMENT AND GENERAL EXPENSES 68,891. FUNDRAISING EXPENSES 0. TOTAL EXPENSES 68,891. AAMC SUPPORT SERVICES: PROGRAM SERVICE EXPENSES 594,698. MANAGEMENT AND GENERAL EXPENSES 120,685. FUNDRAISING EXPENSES 0. TOTAL EXPENSES 715,383.",X,X,X,X,X,X,0,0,0,0,0,0,0,0,0,"
        ",219170,0,11725,0,516,0,22200,0,11004,0,264615,0,0,0,"
        ",,,,,,,,,,,,,,,,,,,,,,,,,,,,,,,,,,,,,,,,,,,,,,,,,,,,,,,,,,,,,,,,,,,,,,,,,,,,,,,,,,,,,,,,,,,,,,,,,,,,,,,,,,,,,,,,,,,,,,,,,,,,,,,,,,,,,,,,,,,,,,,,,,,,,,,,,,,,,,,,,,,,,,,,,,,,,,,,,,,,,,,,,,,,,,,,,,,,,,,,,,,,,,,,,,,,,,,,,,,,,,,,,,,,,,,,,,,,,,,,,,,,,,,,,,,,,,,,,,,,,,,,,,,,,,,,,,,,,,,,,,,,,,,,,,,,,,,,,,,,,,,,,,,,,,,,,,,,,,,,,,,,,,,,,,,,,,,,,,,,,,,,,,,,,,,,,,,,,,,,,,,,,,,,,,,,,,,,,,,,,,,,,,,,,,,,,,,,
2014,,"
    ","
    ",,,,,,"
      ",,,,2015-11-30 17:44:51Z,362249886,,,REED SMITH LLP,3110 FAIRVIEW PARK DRIVE 1400,FALLS CHURCH,VA,22042,,,,"
            ",,,,P00444822,"
      ","
      ","
      ","
      ","
      ",,,,,,,,,,,,,,,,,,,,,,,,,,,,,,,,,,,,,,,,,,,,,,,,,,,,,,,,,,,,,,,,,,,,,,,,,,,,,,,,,,,,,,,,,,,,,,,,,,,,,,,,,,,,,,,,,,,,,,,,,,,,,,,,,,,,,,,,,,,,,,,,,,,,,,,,,,,,,,,,,,,,,,,,,,,,,,,,,,,,,,,,,,,,,,,,,,,,,,,,,,,,,,,,,,,,,,,,,,,,,,,,,,,,,,,,,,,,,,,,,,,,,,,,,,,,,,,,,,,,,,,,,,,,,,,,,,,,,,,,,,,,,,,,,,,,,,,,,,,,,,,,,,,,,,,,,,,,,,,,,2014-05-29T11:25:18-05:00,2013-12-31,"
      ",990,2013-01-01,"
      ","
      ",,2013,410746749,"
        ","
        ",,,,,,"
            ",NATI,2026183885,LAURIE S CURTIN,EXECUTIVE DIRECTOR,2014-05-22,1,DAVID TRIMNER,,,,,,,,,,,MONA M SIGNER MPH,7276779,0,X,WWW.NRMP.ORG,X,1952,IL,TO MATCH INTERN AND RESIDENCY APPLICANTS WITH TRAINING PROGRAMS OF THEIR CHOICE.,19,19,15,21,0,0,0,0,4373120,4737700,617929,939109,2993,8850,4994042,5685659,0,0,0,0,2078228,2049861,0,0,0,2932277,3448469,5010505,5498330,-16463,187329,17041956,20145501,4586683,6718932,12455273,13426569,INTERN AND RESIDENT MATCHING PROGRAM - ORGANIZE AND CONDUCT A NATIONAL CLEARING HOUSE TO MATCH INTERN AND RESIDENCY APPLICANTS WITH TRAINING PROGRAMS OF THEIR CHOICE.,0,0,4099566,4737700,DEFERRED RENT,4099566,1,0,0,0,0,0,0,0,0,0,1,1,0,1,1,1,1,0,0,0,0,0,0,0,0,0,0,0,0,1,0,0,0,0,0,0,0,0,0,0,0,0,0,0,0,0,0,1,8,0,15,1,0,1,CJ,0,0,0,0,0,0,0,0,X,19,19,0,0,0,0,0,0,0,1,1,0,0,1,1,1,1,0,1,1,1,0,X,"
        ","
        ",1056731,0,161077,6,0,1,0,"
        ",3,"
        ",4737700,"
        ","
        ","
        ","
        ","
        ","
        ",8850,"
        ","
        ","
        ","
        ","
        ","
        ","
        ","
        ","
        ","
        ","
        ","
        ","
        ","
        ","
        ","
        ","
        ","
        ","
        ","
        ",,"
        ","
        ","
        ","
        ","
        ",5389531,850191,"
        ","
        ","
        ","
        ","
        ","
        ","
        ","
        ","
        ",X,"
        ","
        ","
        ",187329,783967,0,X,0,1,"
        ",1,0,CHIEF POLICY OFFICER,35.00,X,X,118324,0,22403,X,"
          ","
          ",LEGAL,326036,900099,5685659,4737700,947959,235321,0,22901757,4099566,1398764,0,17041956,20145501,X,X,"
        ","
        ","
        ","
        ","
        ",20751227,"
        ","
        ","
        ","
        ",0.90610,0.91590,0.09310,0.08360,X,3346127,4443275,4678179,4983838,5450338,"
        ","
        ","
        ",4539340,"
        ",1953717,"
        ",3903159,X,6380203,783967,783967,5596236,89423,5685659,5408907,0,5408907,89423,5498330,"
        ",4677420,712015,1953717,F,630598,"FORM 990, PART VI, SECTION C, LINE 19","THE ORGANIZATION DOES NOT MAKE ITS GOVERNING DOCUMENTS, CONFLICT OF INTEREST POLICY, AND FINANCIAL STATEMENTS AVAILABLE TO THE PUBLIC.",,,,,,,,,,,,,,,,,,,,,X,X,X,X,X,0,0,0,0,0,0,0,0,0,"
        ",146226,0,10000,0,266,0,15481,0,1652,0,173625,0,0,0,,,,,,,,X,X,89423,89423,,,,,,,,,,,,,,,,,
2015,,"
    ","
    ",,,,,,"
      ",,,,2016-03-07 17:11:31Z,362249886,,,,,,,,,,,"
          ",,,,P00444822,"
      ","
      ","
      ","
      ","
      ",,,,,,,,,,,,,,,,,,,,,,,,,,,,,,,,,,,,,,,,,,,,,,,,,,,,,,,,,,,,,,,,,,,,,,,,,,,,,,,,,,,,,,,,,,,,,,,,,,,,,,,,,,,,,,,,,,,,,,,,,,,,,,,,,,,,,,,,,,,,,,,,,,,,,,,,,,,,,,,,,,,,,,,,,,,,,,,,,,,,,,,,,,,,,,,,,,,,,,,,,,,,,,,,,,,,,,,,,,,,,,,,,,,,,,,,,,,,,,,,,,,,,,,,,,,,,,,,,,,,,,,,,,,,,,,,,,,,,,,,,,,,,,,,,,,,,,,,,,,,,,,,,,,,,,,,,,,,,,,,,2015-11-02T11:34:21-06:00,2014-12-31,"
      ",990,2014-01-01,"
      ","
      ",,2014,410746749,"
        ","
        ",NATIONAL RESIDENT MATCHING PROGRAM,2121 K STREET NW,WASHINGTON,DC,20037,"
            ",NATI,2026183885,LAURIE CURTIN,PRESIDENT/CEO,2015-10-27,1,DAVID TRIMNER,,,,,,,,,"
      ","
      ",MONA M SIGNER MPH,9021164,0,X,WWW.NRMP.ORG,X,1952,DC,TO MATCH INTERN AND RESIDENCY APPLICANTS WITH TRAINING PROGRAMS OF THEIR CHOICE.,19,19,0,19,0,0,0,0,4737700,5848110,939109,1095581,8850,11555,5685659,6955246,0,0,0,0,2049861,2132151,0,0,0,3448469,3691955,5498330,5824106,187329,1131140,20145501,20068467,6718932,6268005,13426569,13800462,INTERN AND RESIDENT MATCHING PROGRAM - ORGANIZE AND CONDUCT A NATIONAL CLEARING HOUSE TO MATCH INTERN AND RESIDENCY APPLICANTS WITH TRAINING PROGRAMS OF THEIR CHOICE.,0,0,4206790,5848110,DEFERRED RENT,4206790,1,0,0,0,0,0,0,0,0,0,1,1,0,0,1,1,1,0,0,0,1,0,0,0,0,0,0,0,0,1,0,0,0,0,0,0,0,0,0,0,0,0,1,0,0,0,0,1,8,0,0,1,0,1,CJ,0,0,0,0,0,0,0,0,X,19,19,0,0,0,0,0,0,0,1,1,0,0,1,1,1,1,0,1,1,1,0,X,"
        ","
        ",1071990,0,205757,6,0,1,0,"
        ",2,"
        ",5848110,"
        ","
        ","
        ","
        ","
        ","
        ",11555,"
        ","
        ","
        ","
        ","
        ","
        ","
        ","
        ","
        ","
        ","
        ","
        ","
        ","
        ","
        ","
        ","
        ","
        ","
        ","
        ",,"
        ","
        ","
        ","
        ","
        ",6069980,1620874,"
        ","
        ","
        ","
        ","
        ","
        ","
        ","
        ","
        ",X,"
        ","
        ","
        ",1131140,-757247,0,X,0,1,"
        ",1,0,DIRECTOR OF POLICY,35.00,X,X,104333,0,28407,X,"
          ","
          ",LEGAL,568664,900099,6955246,5848110,1107136,156924,0,26353952,4206790,1617316,0,20145501,20068467,X,X,"
        ","
        ","
        ","
        ","
        ",23466494,"
        ","
        ","
        ","
        ",0.89040,0.90610,0.10850,0.09310,X,4443275,4678179,4983838,5450338,6798322,"
        ","
        ","
        ",4449106,"
        ",2182323,"
        ",3174500,X,6197999,-757247,-757247,6955246,0,6955246,5824106,0,5824106,0,5824106,"
        ",5351083,1389253,2182323,F,655006,"FORM 990, PART VI, SECTION C, LINE 19","THE ORGANIZATION DOES NOT MAKE ITS GOVERNING DOCUMENTS, CONFLICT OF INTEREST POLICY, AND FINANCIAL STATEMENTS AVAILABLE TO THE PUBLIC.","
        ",0,0,,,0,45021,0,45021,0,0,0,0,0,1,MIDDLE EAST AND NORTH AFRICA,0,PROGRAM SERVICE - PROVIDING PREMIER MEDICAL MATCHING SERVICES AROUND THE GLOBE,NRMPI USES A MATHEMATICAL ALGORITHM TO PLACE APPLICANTS INTO TRAINING POSITIONS.,45021,X,,,,X,0,0,0,0,0,0,0,0,0,"
        ",157312,0,10000,0,561,0,16560,0,11705,0,196138,0,0,0,"
        ","
          ",PROVIDING PREMIER MEDICAL MATCHING SERVICES AROUND THE GLOBE,52867,"
          ",0,0,X,X,,,,,,,,,,,,,0,,,,,,
2016,,"
    ","
    ",,,,,,"
      ",,,,2017-02-10 21:41:12Z,362249886,,,,,,,,,,,"
          ",,,,P00444822,"
      ","
      ","
      ","
      ","
      ",,,,,,,,,,,,,,,,,,,,,,,,,,,,,,,,,,,,,,,,,,,,,,,,,,,,,,,,,,,,,,,,,,,,,,,,,,,,,,,,,,,,,,,,,,,,,,,,,,,,,,,,,,,,,,,,,,,,,,,,,,,,,,,,,,,,,,,,,,,,,,,,,,,,,,,,,,,,,,,,,,,,,,,,,,,,,,,,,,,,,,,,,,,,,,,,,,,,,,,,,,,,,,,,,,,,,,,,,,,,,,,,,,,,,,,,,,,,,,,,,,,,,,,,,,,,,,,,,,,,,,,,,,,,,,,,,,,,,,,,,,,,,,,,,,,,,,,,,,,,,,,,,,,,,,,,,,,,,,,,,2016-11-03T15:01:50-05:00,2015-12-31,"
      ",990,2015-01-01,"
      ","
      ",,2015,410746749,"
        ","
        ",NATIONAL RESIDENT MATCHING PROGRAM,C/O CT CORPORATION 2121 K STREET NW,WASHINGTON,DC,20037,"
            ",NATI,2026183885,STACY GIBSON,PRESIDENT AND CEO,2016-11-03,1,DAVID TRIMNER CPA,,,,,,,,,"
      ","
      ",MONA M SIGNER MPH,8646062,0,X,WWW.NRMP.ORG,X,1952,DC,TO MATCH RESIDENCY AND FELLOWSHIP APPLICANTS WITH THE TRAINING PROGRAMS OF THEIR CHOICE.,19,19,0,25,0,0,0,0,5848110,6475574,1095581,1072970,11555,14900,6955246,7563444,0,0,0,0,2132151,2501919,0,0,0,3691955,5020865,5824106,7522784,1131140,40660,20068467,18671187,6268005,6263859,13800462,12407328,"TO MATCH HEALTHCARE PROFESSIONALS TO GRADUATE MEDICAL EDUCATION AND ADVANCED TRAINING PROGRAMS THROUGH A PROCESS THAT IS FAIR, EFFICIENT, TRANSPARENT, AND RELIABLE. TO PROVIDE MEANINGFUL AND ACCESSIBLE MATCH DATA AND ANALYSIS TO STAKEHOLDERS.",0,0,5710126,6475574,DEFERRED RENT,5710126,1,0,0,0,0,0,0,0,0,0,1,1,0,0,1,1,1,0,0,0,1,0,0,0,0,0,0,0,0,1,0,0,0,0,0,0,0,0,0,0,0,0,1,0,0,0,0,1,13,0,0,1,0,1,CJ,0,0,0,0,0,0,0,0,X,19,19,0,0,0,0,0,0,0,1,1,0,0,1,1,1,1,0,1,1,1,0,X,"
        ","
        ",1372423,0,242493,8,0,1,0,"
        ",4,"
        ",6475574,"
        ","
        ","
        ","
        ","
        ","
        ",14900,"
        ","
        ","
        ","
        ","
        ","
        ","
        ","
        ","
        ","
        ","
        ","
        ","
        ","
        ","
        ","
        ","
        ","
        ","
        ","
        ","
        ","
        ","
        ","
        ","
        ","
        ",6298414,2409904,"
        ","
        ","
        ","
        ","
        ","
        ","
        ","
        ","
        ",X,"
        ","
        ","
        ",40660,-1433794,0,X,0,1,"
        ",1,0,DIRECTOR OF FINANCE,35.00,X,X,108261,0,25293,X,"
          ","
          ","DESKTOP, WORKPLACE SUPPORT",119981,900099,7563444,6475574,1087870,103830,0,29370291,5710126,1812658,0,20068467,18671187,X,X,"
        ","
        ","
        ","
        ","
        ",25742999,"
        ","
        ","
        ","
        ",0.87650,0.89040,0.12210,0.10850,X,4678179,4983838,5450338,6798322,7459614,"
        ","
        ","
        ",3888510,"
        ",2304954,"
        ",2349875,X,6129650,-1433794,-1433794,7563444,0,7563444,7522784,0,7522784,0,7522784,"
        ",5571771,2103277,2304954,F,614624,"FORM 990, PART VI, SECTION C, LINE 19","THE ORGANIZATION DOES NOT MAKE ITS GOVERNING DOCUMENTS, CONFLICT OF INTEREST POLICY, AND FINANCIAL STATEMENTS AVAILABLE TO THE PUBLIC.","
        ",0,0,,,0,45480,0,45480,0,0,0,0,0,1,"MIDDLE EAST AND NORTH AFRICA - ALGERIA, BAHRAIN, DJIBOUTI, EGYPT,",0,PROGRAM SERVICE - PROVIDING PREMIER MEDICAL MATCHING SERVICES AROUND THE GLOBE,NRMPI USES A MATHEMATICAL ALGORITHM TO PLACE APPLICANTS INTO TRAINING POSITIONS.,45480,X,X,,X,X,0,0,0,0,0,0,0,0,0,"
        ",124015,0,0,0,180,0,13461,0,15460,0,153116,0,0,0,"
        ","
          ",PROVIDING PREMIER MEDICAL MATCHING SERVICES AROUND THE GLOBE,54378,"
          ",0,0,X,,,,,,,,,,,,,,,,,,,,
2017,,"
    ","
    ",,,,,,"
      ",,,,2017-02-10 21:41:12Z,362249886,,,,,,,,,,,"
          ",,,,P01337292,"
      ","
      ","
      ","
      ","
      ",,,,,,,,,,,,,,,,,,,,,,,,,,,,,,,,,,,,,,,,,,,,,,,,,,,,,,,,,,,,,,,,,,,,,,,,,,,,,,,,,,,,,,,,,,,,,,,,,,,,,,,,,,,,,,,,,,,,,,,,,,,,,,,,,,,,,,,,,,,,,,,,,,,,,,,,,,,,,,,,,,,,,,,,,,,,,,,,,,,,,,,,,,,,,,,,,,,,,,,,,,,,,,,,,,,,,,,,,,,,,,,,,,,,,,,,,,,,,,,,,,,,,,,,,,,,,,,,,,,,,,,,,,,,,,,,,,,,,,,,,,,,,,,,,,,,,,,,,,,,,,,,,,,,,,,,,,,,,,,,,2017-11-21T11:17:36-06:00,2016-12-31,"
      ",990,2016-01-01,"
      ","
      ","
      ",2016,410746749,"
        ","
        ",NATIONAL RESIDENT MATCHING PROGRAM,C/O CT CORPORATION 2121 K STREET NW,WASHINGTON,DC,20037,"
            ",NATI,2026183885,JEANETTE CALLI,PRESIDENT AND CEO,2017-11-21,1,HEMALI PATEL,"
        ",2017-11-21,12:16:44,ES,P,B70C6DEBCE2ADC8DDB6B1F4429B1A1ED1473E18D,A1F046B953991414D17544BCF233C1AB5D570FBA,67.137.57.251,"
      ","
      ",MONA M SIGNER MPH,8749415,0,X,WWW.NRMP.ORG,X,1952,DC,TO MATCH RESIDENCY AND FELLOWSHIP APPLICANTS WITH TRAINING PROGRAMS OF THEIR CHOICE.,19,19,0,23,0,0,0,0,6475574,6988535,1072970,549042,14900,31076,7563444,7568653,0,0,0,0,2501919,2554584,0,0,0,5020865,4529579,7522784,7084163,40660,484490,18671187,18802876,6263859,5456110,12407328,13346766,"TO MATCH HEALTHCARE PROFESSIONALS TO GRADUATE MEDICAL EDUCATION AND ADVANCED TRAINING PROGRAMS THROUGH A PROCESS THAT IS FAIR, EFFICIENT, TRANSPARENT, AND RELIABLE. TO PROVIDE MEANINGFUL AND ACCESSIBLE MATCH DATA AND ANALYSIS TO STAKEHOLDERS.",0,0,5511313,6988535,DEFERRED RENT,5511313,1,0,0,0,0,0,0,0,0,0,1,1,0,0,1,1,1,0,0,0,1,0,0,0,0,0,0,0,0,1,0,0,0,0,0,0,0,0,0,0,0,0,1,0,0,0,0,1,10,0,0,1,0,0,,0,0,0,0,0,0,0,0,X,19,19,0,0,0,0,0,0,0,1,1,0,0,1,1,1,1,0,1,1,1,0,X,"
        ","
        ",1430134,0,255552,8,0,1,0,"
        ",3,"
        ",6988535,"
        ","
        ","
        ","
        ","
        ","
        ",31076,"
        ","
        ","
        ","
        ","
        ","
        ","
        ","
        ","
        ","
        ","
        ","
        ","
        ","
        ","
        ","
        ","
        ","
        ","
        ","
        ",,"
        ","
        ","
        ","
        ","
        ",6500656,3112753,"
        ","
        ","
        ","
        ","
        ","
        ","
        ","
        ","
        ",X,"
        ","
        ","
        ",484490,454948,0,X,0,1,"
        ",1,0,DIRECTOR OF OPERATIONS,35.00,X,X,113302,0,26599,X,"
          ","
          ","DESKTOP, WORKPLACE SUPPORT",117590,900099,7568653,6988535,580118,15238,0,32245527,5511313,1572850,0,18671187,18802876,X,X,"
        ","
        ","
        ","
        ","
        ",28423039,"
        ","
        ","
        ","
        ",0.88150,0.87650,0.11640,0.12210,X,4983838,5450338,6798322,7459614,7553415,"
        ","
        ","
        ",3387903,"
        ",2468205,"
        ",1496383,X,8023601,454948,454948,7568653,0,7568653,7084163,0,7084163,0,7084163,"
        ",5791171,2752046,2468205,F,565687,"FORM 990, PART VI, SECTION C, LINE 19","THE ORGANIZATION DOES NOT MAKE ITS GOVERNING DOCUMENTS, CONFLICT OF INTEREST POLICY, AND FINANCIAL STATEMENTS AVAILABLE TO THE PUBLIC.","
        ",0,0,,,0,46521,0,46521,0,0,0,0,0,1,"MIDDLE EAST AND NORTH AFRICA - ALGERIA, BAHRAIN, DJIBOUTI, EGYPT,",0,PROGRAM SERVICE - PROVIDING PREMIER MEDICAL MATCHING SERVICES AROUND THE GLOBE,NRMPI USES A MATHEMATICAL ALGORITHM TO PLACE APPLICANTS INTO TRAINING POSITIONS.,46521,X,X,,X,X,0,0,0,0,0,0,0,0,0,"
        ",121333,0,4000,0,225,0,13092,0,15275,0,153925,0,0,0,"
        ","
          ",PROVIDING PREMIER MEDICAL MATCHING SERVICES AROUND THE GLOBE,55934,"
          ",0,0,X,,,,,,,,,,,,,,,,,,,,
2018,,"
    ","
    ",,,,,,"
      ",,,,2018-06-14 16:35:46Z,362249886,,,,,,,,,,,"
          ",,,,P01337292,"
      ","
      ","
      ","
      ","
      ",,,,,,,,,,,,,,,,,,,,,,,,,,,,,,,,,,,,,,,,,,,,,,,,,,,,,,,,,,,,,,,,,,,,,,,,,,,,,,,,,,,,,,,,,,,,,,,,,,,,,,,,,,,,,,,,,,,,,,,,,,,,,,,,,,,,,,,,,,,,,,,,,,,,,,,,,,,,,,,,,,,,,,,,,,,,,,,,,,,,,,,,,,,,,,,,,,,,,,,,,,,,,,,,,,,,,,,,,,,,,,,,,,,,,,,,,,,,,,,,,,,,,,,,,,,,,,,,,,,,,,,,,,,,,,,,,,,,,,,,,,,,,,,,,,,,,,,,,,,,,,,,,,,,,,,,,,,,,,,,,2018-05-14T15:38:58-05:00,2017-12-31,"
      ",990,2017-01-01,"
      ","
      ","
      ",2017,410746749,"
        ","
        ",NATIONAL RESIDENT MATCHING PROGRAM,2121 K STREET NW,WASHINGTON,DC,20037,"
            ",NATI,2026183885,MEI LIANG,PRESIDENT AND CEO,2018-05-14,1,HEMALI PATEL,"
        ",2018-05-14,10:45:23,ED,P,22B6DA6E04110CB685C107BE4314F90C78D51411,EC8E3AB080DBEC95795E073DF7D20F3E654B0034,67.137.57.251,"
      ","
      ",MONA M SIGNER MPH,10515320,0,X,WWW.NRMP.ORG,X,1952,DC,TO MATCH RESIDENCY AND FELLOWSHIP APPLICANTS WITH TRAINING PROGRAMS OF THEIR CHOICE.,19,19,0,26,0,0,0,0,6988535,7837833,549042,910081,31076,18335,7568653,8766249,0,0,0,0,2554584,2920689,0,0,0,4529579,4353909,7084163,7274598,484490,1491651,18802876,20824791,5456110,4753476,13346766,16071315,"TO MATCH HEALTHCARE PROFESSIONALS TO GRADUATE MEDICAL EDUCATION AND ADVANCED TRAINING PROGRAMS THROUGH A PROCESS THAT IS FAIR, EFFICIENT, TRANSPARENT, AND RELIABLE. TO PROVIDE MEANINGFUL AND ACCESSIBLE MATCH DATA AND ANALYSIS TO STAKEHOLDERS.",0,0,5501507,7837833,DEFERRED RENT,5501507,1,0,0,0,0,0,0,0,0,0,1,1,0,0,1,1,1,0,0,0,1,0,0,0,0,0,0,0,0,1,0,0,0,0,0,0,0,0,0,0,0,0,1,0,0,0,0,1,9,0,0,1,0,1,CJ,0,0,0,0,0,0,0,0,X,19,19,0,0,1,0,0,0,0,1,1,0,0,1,1,1,1,0,1,1,1,0,X,"
        ","
        ",1580812,0,318938,8,0,1,0,"
        ",3,"
        ",7837833,"
        ","
        ","
        ","
        ","
        ","
        ",18335,"
        ","
        ","
        ","
        ","
        ","
        ","
        ","
        ","
        ","
        ","
        ","
        ","
        ","
        ","
        ","
        ","
        ","
        ","
        ","
        ","
        ","
        ","
        ","
        ","
        ","
        ",6947511,3778440,"
        ","
        ","
        ","
        ","
        ","
        ","
        ","
        ","
        ",X,"
        ","
        ","
        ",1491651,1232898,0,X,0,1,"
        ",1,0,DIRECTOR OF RESEARCH,35.00,X,X,116873,0,41075,X,"
          ","
          ",HOTEL ACCOMMODATIONS,155565,900099,8766249,7837833,928416,255539,0,35772399,5501507,1773091,0,18802876,20824791,X,X,"
        ","
        ","
        ","
        ","
        ",31887752,"
        ","
        ","
        ","
        ",0.89140,0.88150,0.10620,0.11640,X,5450338,6798322,7459614,7553415,8510710,"
        ","
        ","
        ",3169071,"
        ",1143495,"
        ",798251,X,9999147,1232898,1232898,8766249,0,8766249,7274598,0,7274598,0,7274598,"
        ",6239596,3349039,1143495,F,505705,"FORM 990, PART VI, SECTION C, LINE 19","THE ORGANIZATION DOES NOT MAKE ITS GOVERNING DOCUMENTS, CONFLICT OF INTEREST POLICY, AND FINANCIAL STATEMENTS AVAILABLE TO THE PUBLIC.","
        ",0,0,0,0,0,50265,0,50265,0,0,0,0,0,1,MIDDLE EAST AND NORTH AFRICA,0,PROGRAM SERVICE - PROVIDING PREMIER MEDICAL MATCHING SERVICES AROUND THE GLOBE,NRMPI USES A MATHEMATICAL ALGORITHM TO PLACE APPLICANTS INTO TRAINING POSITIONS.,50265,X,X,X,X,X,0,0,0,0,0,0,0,0,0,"
        ",114088,0,2500,0,285,0,12383,0,28692,0,157948,0,0,0,"
        ","
          ",PROVIDING PREMIER MEDICAL MATCHING SERVICES AROUND THE GLOBE,62500,"
          ",,,,,,,,,,,,,,,,,,,,,,,
2019,,"
    ","
    ",,,,,,"
      ",,,,2019-02-21 02:37:17Z,362249886,,,,,,,,,,,"
          ",,,,P00078514,"
      ","
      ","
      ","
      ","
      ",,,,,,,,,,,,,,,,,,,,,,,,,,,,,,,,,,,,,,,,,,,,,,,,,,,,,,,,,,,,,,,,,,,,,,,,,,,,,,,,,,,,,,,,,,,,,,,,,,,,,,,,,,,,,,,,,,,,,,,,,,,,,,,,,,,,,,,,,,,,,,,,,,,,,,,,,,,,,,,,,,,,,,,,,,,,,,,,,,,,,,,,,,,,,,,,,,,,,,,,,,,,,,,,,,,,,,,,,,,,,,,,,,,,,,,,,,,,,,,,,,,,,,,,,,,,,,,,,,,,,,,,,,,,,,,,,,,,,,,,,,,,,,,,,,,,,,,,,,,,,,,,,,,,,,,,,,,,,,,,,2019-05-22T07:33:24-05:00,2018-12-31,"
      ",990,2018-01-01,"
      ","
      ","
      ",2018,410746749,"
        ","
        ",NATIONAL RESIDENT MATCHING PROGRAM,2121 K STREET NW,WASHINGTON,DC,20037,"
            ",NATI,2026183885,AMANDA MARKS,PRESIDENT AND CEO,2019-05-14,1,KAREN GRIES,"
        ",2019-05-14,14:02:03,CD,P,22B6DA6E04110CB685C107BE4314F90C78D51411,FD302F4D5CE3C660ABAF9933EAAEEC9F457F14F9,67.137.57.251,"
      ","
      ",MONA M SIGNER MPH,10019067,0,X,WWW.NRMP.ORG,X,1952,DC,TO MATCH RESIDENCY AND FELLOWSHIP APPLICANTS WITH TRAINING PROGRAMS OF THEIR CHOICE.,19,19,0,21,0,41202,0,0,7837833,8619761,910081,525087,18335,25000,8766249,9169848,0,0,0,0,2920689,3032849,0,0,0,4353909,4697231,7274598,7730080,1491651,1439768,20824791,21390347,4753476,5276269,16071315,16114078,"TO MATCH HEALTHCARE PROFESSIONALS TO GRADUATE MEDICAL EDUCATION AND ADVANCED TRAINING PROGRAMS THROUGH A PROCESS THAT IS FAIR, EFFICIENT, TRANSPARENT, AND RELIABLE. TO PROVIDE MEANINGFUL AND ACCESSIBLE MATCH DATA AND ANALYSIS TO STAKEHOLDERS.",0,0,5767538,8644761,DEFERRED LEASEHOLD IMPROVEMENT ALLOWANCE,5767538,1,0,0,0,0,0,0,0,0,0,1,1,0,0,1,1,1,0,0,0,1,0,0,0,0,0,0,0,0,1,0,0,0,0,0,0,0,0,0,0,0,0,1,0,0,0,0,1,9,0,0,1,1,1,CJ,0,0,0,0,0,0,0,0,X,19,19,0,0,0,0,0,0,0,1,1,0,0,1,1,1,1,1,1,1,1,0,X,"
        ","
        ",1725467,0,353926,9,0,1,0,"
        ",3,"
        ",8619761,"
        ","
        ","
        ","
        ","
        ","
        ",25000,"
        ","
        ","
        ","
        ","
        ","
        ","
        ","
        ","
        ","
        ","
        ","
        ","
        ","
        ","
        ","
        ","
        ","
        ","
        ","
        ","
        ","
        ","
        ","
        ","
        ","
        ",7206130,4370157,"
        ","
        ","
        ","
        ","
        ","
        ","
        ","
        ","
        ",X,"
        ","
        ","
        ",1439768,-1397005,0,X,0,1,"
        ",1,0,SENIOR DIRECTOR OF IT,35.00,X,X,165109,0,44079,X,"
          ","
          ",IT CONSULTING,147581,900099,9169848,8644761,525087,-91219,0,39583128,5767538,1962542,0,20824791,21390347,X,X,"
        ","
        ","
        ","
        ","
        ",35769813,"
        ","
        ","
        ","
        ",0.90370,0.89140,0.09380,0.10620,X,6798322,7459614,7553415,8510710,9261067,"
        ","
        ","
        ",2835973,"
        ",1140174,"
        ",572138,X,7677811,-1397005,-1397005,9074816,95032,9169848,7635048,0,7635048,95032,7730080,"
        ",6544935,3919361,1140174,F,182161,"FORM 990, LINE 2C",AUDIT COMMITTEE ASSUMES RESPONSIBILITY AND OVERSIGHT OF INDEPENDENT AUDITORS REPORT.,"
        ",0,0,0,0,0,35620,0,35620,0,0,0,0,0,1,MIDDLE EAST AND NORTH AFRICA,0,PROGRAM SERVICE - PROVIDING PREMIER MEDICAL MATCHING SERVICES AROUND THE GLOBE,NRMPI USES A MATHEMATICAL ALGORITHM TO PLACE APPLICANTS INTO TRAINING POSITIONS.,35620,X,X,X,X,X,0,0,0,0,0,0,0,0,0,"
        ",159771,0,5000,0,338,0,17103,0,26976,0,209188,0,0,0,"
        ","
          ",PROVIDING PREMIER MEDICAL MATCHING SERVICES AROUND THE GLOBE,64300,"
          ",,,,,95032,95032,,,,,,,,,,,230355,,1,0,0,DC,X
